timestamp;buyer;seller;symbol;currency;price;quantity;day
2500;;;VELVETFRUIT_EXTRACT;XIRECS;5250.0;4;0
2900;;;VEV_5400;XIRECS;22.0;3;0
2900;;;VEV_5500;XIRECS;8.0;3;0
2900;;;VEV_6000;XIRECS;0.0;3;0
2900;;;VEV_6500;XIRECS;0.0;3;0
5200;;;VELVETFRUIT_EXTRACT;XIRECS;5236.0;3;0
5500;;;VELVETFRUIT_EXTRACT;XIRECS;5241.0;8;0
8000;;;HYDROGEL_PACK;XIRECS;10018.0;6;0
9000;;;VEV_4000;XIRECS;1222.0;2;0
9300;;;VELVETFRUIT_EXTRACT;XIRECS;5229.0;6;0
10100;;;HYDROGEL_PACK;XIRECS;10014.0;5;0
11100;;;VEV_4000;XIRECS;1246.0;1;0
11900;;;VELVETFRUIT_EXTRACT;XIRECS;5237.0;4;0
14000;;;VELVETFRUIT_EXTRACT;XIRECS;5243.0;7;0
15200;;;VEV_5400;XIRECS;21.0;5;0
15200;;;VEV_5500;XIRECS;7.0;5;0
15200;;;VEV_6000;XIRECS;0.0;5;0
15200;;;VEV_6500;XIRECS;0.0;5;0
15300;;;HYDROGEL_PACK;XIRECS;10026.0;3;0
15400;;;VEV_4000;XIRECS;1232.0;3;0
15700;;;HYDROGEL_PACK;XIRECS;10009.0;2;0
16400;;;HYDROGEL_PACK;XIRECS;10009.0;4;0
17000;;;VELVETFRUIT_EXTRACT;XIRECS;5239.0;6;0
18600;;;VEV_4000;XIRECS;1247.0;3;0
19900;;;VELVETFRUIT_EXTRACT;XIRECS;5236.0;7;0
20300;;;HYDROGEL_PACK;XIRECS;10002.0;5;0
20500;;;HYDROGEL_PACK;XIRECS;10000.0;3;0
20700;;;VELVETFRUIT_EXTRACT;XIRECS;5238.0;5;0
22500;;;VELVETFRUIT_EXTRACT;XIRECS;5234.0;4;0
23200;;;VELVETFRUIT_EXTRACT;XIRECS;5234.0;4;0
23300;;;HYDROGEL_PACK;XIRECS;9997.0;2;0
24400;;;VEV_4000;XIRECS;1225.0;1;0
26100;;;VELVETFRUIT_EXTRACT;XIRECS;5227.0;5;0
27300;;;VELVETFRUIT_EXTRACT;XIRECS;5230.0;3;0
28400;;;VELVETFRUIT_EXTRACT;XIRECS;5230.0;8;0
28500;;;HYDROGEL_PACK;XIRECS;9994.0;5;0
29100;;;HYDROGEL_PACK;XIRECS;9973.0;6;0
29800;;;VELVETFRUIT_EXTRACT;XIRECS;5232.0;4;0
31700;;;VEV_5400;XIRECS;18.0;5;0
31700;;;VEV_5500;XIRECS;6.0;5;0
31700;;;VEV_6000;XIRECS;0.0;5;0
31700;;;VEV_6500;XIRECS;0.0;5;0
33300;;;VELVETFRUIT_EXTRACT;XIRECS;5233.0;6;0
36500;;;VELVETFRUIT_EXTRACT;XIRECS;5229.0;7;0
36800;;;VELVETFRUIT_EXTRACT;XIRECS;5228.0;7;0
37300;;;VELVETFRUIT_EXTRACT;XIRECS;5231.0;5;0
38200;;;VELVETFRUIT_EXTRACT;XIRECS;5232.0;5;0
38400;;;VELVETFRUIT_EXTRACT;XIRECS;5235.0;3;0
38700;;;VELVETFRUIT_EXTRACT;XIRECS;5236.0;6;0
39900;;;VELVETFRUIT_EXTRACT;XIRECS;5230.0;8;0
40500;;;VELVETFRUIT_EXTRACT;XIRECS;5232.0;7;0
41500;;;VEV_4000;XIRECS;1242.0;1;0
45100;;;VEV_6500;XIRECS;0.0;2;0
45100;;;VEV_6000;XIRECS;0.0;2;0
45100;;;VEV_5400;XIRECS;19.0;2;0
45100;;;VEV_5500;XIRECS;7.0;2;0
45800;;;HYDROGEL_PACK;XIRECS;9978.0;2;0
47900;;;VELVETFRUIT_EXTRACT;XIRECS;5234.0;4;0
54300;;;VELVETFRUIT_EXTRACT;XIRECS;5239.0;4;0
54600;;;HYDROGEL_PACK;XIRECS;9987.0;3;0
54900;;;VELVETFRUIT_EXTRACT;XIRECS;5240.0;4;0
55000;;;HYDROGEL_PACK;XIRECS;9987.0;6;0
56700;;;HYDROGEL_PACK;XIRECS;9991.0;6;0
57500;;;VELVETFRUIT_EXTRACT;XIRECS;5246.0;4;0
57900;;;VEV_4000;XIRECS;1232.0;1;0
60000;;;HYDROGEL_PACK;XIRECS;9988.0;4;0
61900;;;VELVETFRUIT_EXTRACT;XIRECS;5242.0;5;0
62400;;;VEV_4000;XIRECS;1229.0;2;0
63900;;;HYDROGEL_PACK;XIRECS;9986.0;5;0
65600;;;VELVETFRUIT_EXTRACT;XIRECS;5238.0;8;0
67600;;;HYDROGEL_PACK;XIRECS;9993.0;5;0
68400;;;VEV_6000;XIRECS;0.0;5;0
68400;;;VEV_6500;XIRECS;0.0;5;0
69200;;;VELVETFRUIT_EXTRACT;XIRECS;5239.0;8;0
69500;;;VEV_6500;XIRECS;0.0;5;0
69500;;;VEV_6000;XIRECS;0.0;5;0
69500;;;VEV_5500;XIRECS;7.0;5;0
69500;;;VEV_5400;XIRECS;20.0;5;0
69500;;;VEV_5300;XIRECS;48.0;5;0
73000;;;HYDROGEL_PACK;XIRECS;9980.0;3;0
75300;;;VEV_4000;XIRECS;1253.0;3;0
75500;;;VELVETFRUIT_EXTRACT;XIRECS;5243.0;6;0
75800;;;VELVETFRUIT_EXTRACT;XIRECS;5240.0;3;0
76300;;;VELVETFRUIT_EXTRACT;XIRECS;5247.0;8;0
77800;;;HYDROGEL_PACK;XIRECS;9990.0;2;0
79000;;;VEV_4000;XIRECS;1235.0;2;0
79800;;;VEV_4000;XIRECS;1260.0;1;0
79800;;;VELVETFRUIT_EXTRACT;XIRECS;5247.0;6;0
79900;;;VEV_4000;XIRECS;1261.0;2;0
81700;;;VEV_4000;XIRECS;1264.0;1;0
85300;;;VELVETFRUIT_EXTRACT;XIRECS;5245.0;6;0
85800;;;VELVETFRUIT_EXTRACT;XIRECS;5238.0;4;0
86300;;;VELVETFRUIT_EXTRACT;XIRECS;5244.0;7;0
86800;;;VELVETFRUIT_EXTRACT;XIRECS;5245.0;6;0
87400;;;VEV_6000;XIRECS;0.0;3;0
87400;;;VEV_5500;XIRECS;7.0;3;0
87400;;;VEV_6500;XIRECS;0.0;3;0
87400;;;VEV_5300;XIRECS;47.0;3;0
87400;;;VEV_5400;XIRECS;20.0;3;0
88000;;;VEV_4000;XIRECS;1247.0;1;0
88900;;;VEV_5500;XIRECS;7.0;4;0
88900;;;VEV_6000;XIRECS;0.0;4;0
88900;;;VEV_6500;XIRECS;0.0;4;0
89300;;;VELVETFRUIT_EXTRACT;XIRECS;5237.0;5;0
90000;;;HYDROGEL_PACK;XIRECS;9950.0;6;0
92600;;;VELVETFRUIT_EXTRACT;XIRECS;5232.0;5;0
93200;;;HYDROGEL_PACK;XIRECS;9948.0;6;0
94600;;;HYDROGEL_PACK;XIRECS;9931.0;3;0
94900;;;HYDROGEL_PACK;XIRECS;9934.0;4;0
96800;;;HYDROGEL_PACK;XIRECS;9940.0;2;0
98200;;;VEV_4000;XIRECS;1246.0;3;0
99100;;;VEV_4000;XIRECS;1251.0;1;0
100000;;;VELVETFRUIT_EXTRACT;XIRECS;5240.0;4;0
101800;;;VELVETFRUIT_EXTRACT;XIRECS;5241.0;4;0
102200;;;HYDROGEL_PACK;XIRECS;9946.0;5;0
102600;;;VELVETFRUIT_EXTRACT;XIRECS;5236.0;4;0
104800;;;VELVETFRUIT_EXTRACT;XIRECS;5235.0;6;0
105100;;;HYDROGEL_PACK;XIRECS;9943.0;4;0
105600;;;VELVETFRUIT_EXTRACT;XIRECS;5235.0;12;0
106100;;;HYDROGEL_PACK;XIRECS;9943.0;6;0
108800;;;HYDROGEL_PACK;XIRECS;9949.0;2;0
109300;;;VEV_4000;XIRECS;1216.0;1;0
109500;;;HYDROGEL_PACK;XIRECS;9926.0;2;0
109700;;;VEV_5300;XIRECS;41.0;4;0
109700;;;VEV_5400;XIRECS;17.0;4;0
109700;;;VEV_5500;XIRECS;6.0;4;0
109700;;;VEV_6000;XIRECS;0.0;4;0
109700;;;VEV_6500;XIRECS;0.0;4;0
110200;;;VELVETFRUIT_EXTRACT;XIRECS;5224.0;5;0
110600;;;VEV_6500;XIRECS;0.0;3;0
110600;;;VEV_6000;XIRECS;0.0;3;0
110600;;;VEV_5400;XIRECS;17.0;3;0
110600;;;VEV_5500;XIRECS;6.0;3;0
110600;;;VEV_5300;XIRECS;41.0;3;0
112900;;;VELVETFRUIT_EXTRACT;XIRECS;5224.0;5;0
116000;;;VEV_4000;XIRECS;1206.0;1;0
116300;;;HYDROGEL_PACK;XIRECS;9929.0;5;0
117700;;;VELVETFRUIT_EXTRACT;XIRECS;5223.0;8;0
120900;;;VELVETFRUIT_EXTRACT;XIRECS;5219.0;5;0
121500;;;VEV_4000;XIRECS;1233.0;2;0
122600;;;VEV_4000;XIRECS;1242.0;2;0
123200;;;VELVETFRUIT_EXTRACT;XIRECS;5230.0;5;0
125000;;;HYDROGEL_PACK;XIRECS;9972.0;4;0
125700;;;VEV_5300;XIRECS;45.0;4;0
125700;;;VEV_5500;XIRECS;7.0;4;0
125700;;;VEV_6000;XIRECS;0.0;4;0
125700;;;VEV_6500;XIRECS;0.0;4;0
127700;;;VELVETFRUIT_EXTRACT;XIRECS;5241.0;8;0
128500;;;HYDROGEL_PACK;XIRECS;9955.0;5;0
130400;;;VEV_4000;XIRECS;1250.0;2;0
130800;;;VEV_4000;XIRECS;1228.0;1;0
132000;;;HYDROGEL_PACK;XIRECS;9950.0;3;0
132900;;;HYDROGEL_PACK;XIRECS;9956.0;2;0
133600;;;HYDROGEL_PACK;XIRECS;9970.0;5;0
134400;;;VEV_4000;XIRECS;1231.0;2;0
136700;;;VELVETFRUIT_EXTRACT;XIRECS;5239.0;3;0
136800;;;HYDROGEL_PACK;XIRECS;9955.0;5;0
140500;;;VEV_4000;XIRECS;1239.0;3;0
140800;;;VELVETFRUIT_EXTRACT;XIRECS;5234.0;7;0
141700;;;HYDROGEL_PACK;XIRECS;9939.0;2;0
141700;;;VELVETFRUIT_EXTRACT;XIRECS;5234.0;6;0
142400;;;VELVETFRUIT_EXTRACT;XIRECS;5231.0;5;0
143600;;;HYDROGEL_PACK;XIRECS;9949.0;4;0
144100;;;VELVETFRUIT_EXTRACT;XIRECS;5227.0;7;0
144500;;;HYDROGEL_PACK;XIRECS;9966.0;3;0
145100;;;VELVETFRUIT_EXTRACT;XIRECS;5228.0;5;0
148100;;;VELVETFRUIT_EXTRACT;XIRECS;5223.0;3;0
148500;;;VEV_4000;XIRECS;1236.0;3;0
148700;;;VELVETFRUIT_EXTRACT;XIRECS;5223.0;8;0
150500;;;VEV_4000;XIRECS;1220.0;2;0
152200;;;VELVETFRUIT_EXTRACT;XIRECS;5237.0;3;0
152400;;;VELVETFRUIT_EXTRACT;XIRECS;5231.0;3;0
153400;;;HYDROGEL_PACK;XIRECS;9964.0;4;0
155200;;;HYDROGEL_PACK;XIRECS;9991.0;5;0
155600;;;VEV_4000;XIRECS;1253.0;2;0
156600;;;VELVETFRUIT_EXTRACT;XIRECS;5244.0;4;0
157400;;;VEV_5300;XIRECS;47.0;2;0
157400;;;VEV_5500;XIRECS;7.0;2;0
157400;;;VEV_6000;XIRECS;0.0;2;0
157400;;;VEV_6500;XIRECS;0.0;2;0
158100;;;HYDROGEL_PACK;XIRECS;9974.0;5;0
159000;;;VELVETFRUIT_EXTRACT;XIRECS;5249.0;6;0
159300;;;HYDROGEL_PACK;XIRECS;9969.0;2;0
160800;;;VEV_6500;XIRECS;0.0;4;0
160800;;;VEV_5500;XIRECS;8.0;4;0
160800;;;VEV_6000;XIRECS;0.0;4;0
162500;;;VEV_4000;XIRECS;1242.0;1;0
163300;;;HYDROGEL_PACK;XIRECS;9977.0;3;0
164600;;;HYDROGEL_PACK;XIRECS;9962.0;3;0
166000;;;VEV_4000;XIRECS;1239.0;2;0
169000;;;HYDROGEL_PACK;XIRECS;9953.0;3;0
169400;;;VELVETFRUIT_EXTRACT;XIRECS;5253.0;6;0
169900;;;VEV_6000;XIRECS;0.0;5;0
169900;;;VEV_6500;XIRECS;0.0;5;0
169900;;;VEV_5400;XIRECS;22.0;5;0
171500;;;HYDROGEL_PACK;XIRECS;9982.0;5;0
172800;;;VELVETFRUIT_EXTRACT;XIRECS;5252.0;3;0
173200;;;VELVETFRUIT_EXTRACT;XIRECS;5253.0;5;0
173700;;;VEV_5500;XIRECS;8.0;2;0
173700;;;VEV_6000;XIRECS;0.0;2;0
173700;;;VEV_6500;XIRECS;0.0;2;0
173900;;;VELVETFRUIT_EXTRACT;XIRECS;5245.0;5;0
175300;;;HYDROGEL_PACK;XIRECS;9969.0;6;0
176000;;;VEV_5500;XIRECS;7.0;3;0
176000;;;VEV_6500;XIRECS;0.0;3;0
176000;;;VEV_5400;XIRECS;19.0;3;0
176000;;;VEV_6000;XIRECS;0.0;3;0
177200;;;VEV_5400;XIRECS;19.0;2;0
177200;;;VEV_6000;XIRECS;0.0;2;0
177200;;;VEV_6500;XIRECS;0.0;2;0
178100;;;HYDROGEL_PACK;XIRECS;9958.0;2;0
178300;;;VELVETFRUIT_EXTRACT;XIRECS;5239.0;6;0
178800;;;VELVETFRUIT_EXTRACT;XIRECS;5237.0;5;0
179500;;;VELVETFRUIT_EXTRACT;XIRECS;5236.0;3;0
181700;;;VEV_6500;XIRECS;0.0;4;0
181700;;;VEV_6000;XIRECS;0.0;4;0
181700;;;VEV_5500;XIRECS;7.0;4;0
181700;;;VEV_5400;XIRECS;18.0;4;0
181700;;;VEV_5300;XIRECS;45.0;4;0
181900;;;HYDROGEL_PACK;XIRECS;9980.0;3;0
182400;;;HYDROGEL_PACK;XIRECS;9977.0;5;0
183300;;;HYDROGEL_PACK;XIRECS;9973.0;4;0
184900;;;VEV_5300;XIRECS;45.0;2;0
184900;;;VEV_5400;XIRECS;18.0;2;0
184900;;;VEV_5500;XIRECS;7.0;2;0
184900;;;VEV_6000;XIRECS;0.0;2;0
184900;;;VEV_6500;XIRECS;0.0;2;0
185800;;;HYDROGEL_PACK;XIRECS;9961.0;6;0
186600;;;VEV_5300;XIRECS;46.0;3;0
186600;;;VEV_5500;XIRECS;7.0;3;0
186600;;;VEV_6000;XIRECS;0.0;3;0
186600;;;VEV_6500;XIRECS;0.0;3;0
190100;;;VEV_5300;XIRECS;45.0;4;0
190100;;;VEV_5400;XIRECS;18.0;4;0
190100;;;VEV_5500;XIRECS;7.0;4;0
190100;;;VEV_6000;XIRECS;0.0;4;0
190100;;;VEV_6500;XIRECS;0.0;4;0
190500;;;VEV_4000;XIRECS;1224.0;2;0
190600;;;HYDROGEL_PACK;XIRECS;9943.0;6;0
193000;;;VEV_5300;XIRECS;43.0;2;0
193000;;;VEV_5400;XIRECS;17.0;2;0
193000;;;VEV_5500;XIRECS;6.0;2;0
193000;;;VEV_6000;XIRECS;0.0;2;0
193000;;;VEV_6500;XIRECS;0.0;2;0
195800;;;VELVETFRUIT_EXTRACT;XIRECS;5234.0;8;0
196500;;;VELVETFRUIT_EXTRACT;XIRECS;5227.0;7;0
196600;;;HYDROGEL_PACK;XIRECS;9953.0;3;0
197000;;;HYDROGEL_PACK;XIRECS;9967.0;6;0
198200;;;VEV_6500;XIRECS;0.0;5;0
198200;;;VEV_6000;XIRECS;0.0;5;0
198200;;;VEV_5400;XIRECS;16.0;5;0
198200;;;VEV_5300;XIRECS;42.0;5;0
198200;;;VEV_5500;XIRECS;6.0;5;0
199300;;;VELVETFRUIT_EXTRACT;XIRECS;5233.0;7;0
199700;;;VELVETFRUIT_EXTRACT;XIRECS;5227.0;4;0
200700;;;VELVETFRUIT_EXTRACT;XIRECS;5235.0;7;0
201900;;;VELVETFRUIT_EXTRACT;XIRECS;5230.0;4;0
202500;;;VELVETFRUIT_EXTRACT;XIRECS;5233.0;6;0
203600;;;VELVETFRUIT_EXTRACT;XIRECS;5229.0;10;0
203900;;;HYDROGEL_PACK;XIRECS;9978.0;6;0
206200;;;HYDROGEL_PACK;XIRECS;9983.0;5;0
206700;;;HYDROGEL_PACK;XIRECS;9962.0;5;0
207200;;;HYDROGEL_PACK;XIRECS;9962.0;4;0
207600;;;HYDROGEL_PACK;XIRECS;9980.0;6;0
209000;;;HYDROGEL_PACK;XIRECS;9989.0;5;0
209400;;;VELVETFRUIT_EXTRACT;XIRECS;5231.0;5;0
210700;;;VELVETFRUIT_EXTRACT;XIRECS;5238.0;6;0
212100;;;VEV_4000;XIRECS;1234.0;2;0
212900;;;VEV_5400;XIRECS;15.0;2;0
212900;;;VEV_5500;XIRECS;6.0;2;0
212900;;;VEV_6000;XIRECS;0.0;2;0
212900;;;VEV_6500;XIRECS;0.0;2;0
213000;;;VEV_4000;XIRECS;1209.0;1;0
213100;;;VELVETFRUIT_EXTRACT;XIRECS;5224.0;6;0
213600;;;VELVETFRUIT_EXTRACT;XIRECS;5221.0;13;0
215700;;;VEV_4000;XIRECS;1233.0;3;0
216000;;;VELVETFRUIT_EXTRACT;XIRECS;5222.0;3;0
216100;;;VELVETFRUIT_EXTRACT;XIRECS;5226.0;4;0
216600;;;VELVETFRUIT_EXTRACT;XIRECS;5222.0;7;0
217200;;;VELVETFRUIT_EXTRACT;XIRECS;5227.0;4;0
218800;;;HYDROGEL_PACK;XIRECS;9986.0;4;0
219600;;;VEV_4000;XIRECS;1216.0;2;0
220100;;;VEV_6500;XIRECS;0.0;5;0
220100;;;VEV_6000;XIRECS;0.0;5;0
220100;;;VEV_5200;XIRECS;84.0;5;0
220100;;;VEV_5400;XIRECS;16.0;5;0
220100;;;VEV_5500;XIRECS;6.0;5;0
221500;;;HYDROGEL_PACK;XIRECS;9986.0;3;0
222700;;;HYDROGEL_PACK;XIRECS;10002.0;6;0
222700;;;VEV_4000;XIRECS;1217.0;1;0
225900;;;VELVETFRUIT_EXTRACT;XIRECS;5235.0;5;0
227000;;;VEV_4000;XIRECS;1223.0;3;0
227300;;;VELVETFRUIT_EXTRACT;XIRECS;5231.0;13;0
227800;;;VELVETFRUIT_EXTRACT;XIRECS;5239.0;6;0
229700;;;VELVETFRUIT_EXTRACT;XIRECS;5237.0;7;0
230000;;;VEV_5400;XIRECS;17.0;5;0
230000;;;VEV_5500;XIRECS;7.0;5;0
230000;;;VEV_6000;XIRECS;0.0;5;0
230000;;;VEV_6500;XIRECS;0.0;5;0
231000;;;VELVETFRUIT_EXTRACT;XIRECS;5235.0;8;0
231000;;;VEV_5400;XIRECS;17.0;3;0
231000;;;VEV_5500;XIRECS;7.0;3;0
231000;;;VEV_6000;XIRECS;0.0;3;0
231000;;;VEV_6500;XIRECS;0.0;3;0
231900;;;VEV_4000;XIRECS;1227.0;2;0
232700;;;VELVETFRUIT_EXTRACT;XIRECS;5234.0;3;0
234200;;;HYDROGEL_PACK;XIRECS;9976.0;6;0
235100;;;VEV_5300;XIRECS;46.0;3;0
235100;;;VEV_5400;XIRECS;18.0;3;0
235100;;;VEV_5500;XIRECS;7.0;3;0
235100;;;VEV_6000;XIRECS;0.0;3;0
235100;;;VEV_6500;XIRECS;0.0;3;0
235900;;;VELVETFRUIT_EXTRACT;XIRECS;5231.0;8;0
237800;;;VEV_4000;XIRECS;1241.0;3;0
238700;;;VELVETFRUIT_EXTRACT;XIRECS;5233.0;6;0
239200;;;VELVETFRUIT_EXTRACT;XIRECS;5229.0;5;0
240700;;;HYDROGEL_PACK;XIRECS;9963.0;4;0
242100;;;VELVETFRUIT_EXTRACT;XIRECS;5237.0;3;0
243200;;;VEV_4000;XIRECS;1249.0;3;0
243300;;;HYDROGEL_PACK;XIRECS;9977.0;2;0
244000;;;VEV_4000;XIRECS;1230.0;3;0
246000;;;VEV_4000;XIRECS;1235.0;3;0
247100;;;HYDROGEL_PACK;XIRECS;9971.0;5;0
247200;;;VEV_4000;XIRECS;1233.0;3;0
247800;;;HYDROGEL_PACK;XIRECS;9952.0;4;0
248500;;;VELVETFRUIT_EXTRACT;XIRECS;5241.0;8;0
248700;;;HYDROGEL_PACK;XIRECS;9966.0;3;0
250200;;;VELVETFRUIT_EXTRACT;XIRECS;5244.0;7;0
251800;;;VELVETFRUIT_EXTRACT;XIRECS;5249.0;4;0
253100;;;VEV_4000;XIRECS;1238.0;2;0
256100;;;HYDROGEL_PACK;XIRECS;9969.0;5;0
256100;;;VELVETFRUIT_EXTRACT;XIRECS;5243.0;4;0
256500;;;VEV_5500;XIRECS;7.0;4;0
256500;;;VEV_6000;XIRECS;0.0;4;0
256500;;;VEV_6500;XIRECS;0.0;4;0
257100;;;VELVETFRUIT_EXTRACT;XIRECS;5245.0;7;0
257800;;;VEV_6500;XIRECS;0.0;4;0
257800;;;VEV_6000;XIRECS;0.0;4;0
257800;;;VEV_5500;XIRECS;7.0;4;0
260100;;;HYDROGEL_PACK;XIRECS;9999.0;2;0
260200;;;VELVETFRUIT_EXTRACT;XIRECS;5235.0;3;0
261500;;;HYDROGEL_PACK;XIRECS;10009.0;5;0
262300;;;VEV_4000;XIRECS;1234.0;3;0
263400;;;VEV_5300;XIRECS;47.0;2;0
263400;;;VEV_5400;XIRECS;18.0;2;0
263400;;;VEV_5500;XIRECS;7.0;2;0
263400;;;VEV_6000;XIRECS;0.0;2;0
263400;;;VEV_6500;XIRECS;0.0;2;0
263700;;;HYDROGEL_PACK;XIRECS;9989.0;3;0
265200;;;VELVETFRUIT_EXTRACT;XIRECS;5241.0;8;0
265500;;;VELVETFRUIT_EXTRACT;XIRECS;5241.0;6;0
265900;;;VELVETFRUIT_EXTRACT;XIRECS;5242.0;8;0
266000;;;VELVETFRUIT_EXTRACT;XIRECS;5241.0;8;0
266500;;;VEV_4000;XIRECS;1257.0;2;0
266800;;;HYDROGEL_PACK;XIRECS;9993.0;6;0
267500;;;VELVETFRUIT_EXTRACT;XIRECS;5238.0;8;0
270900;;;VELVETFRUIT_EXTRACT;XIRECS;5242.0;8;0
271900;;;VEV_4000;XIRECS;1253.0;2;0
273500;;;VEV_4000;XIRECS;1237.0;3;0
273500;;;HYDROGEL_PACK;XIRECS;9995.0;4;0
273700;;;VELVETFRUIT_EXTRACT;XIRECS;5251.0;3;0
275700;;;VEV_4000;XIRECS;1259.0;3;0
277200;;;VELVETFRUIT_EXTRACT;XIRECS;5254.0;6;0
277200;;;VEV_5400;XIRECS;20.0;3;0
277200;;;VEV_5500;XIRECS;8.0;3;0
277200;;;VEV_6000;XIRECS;0.0;3;0
277200;;;VEV_6500;XIRECS;0.0;3;0
278200;;;HYDROGEL_PACK;XIRECS;9997.0;5;0
278600;;;HYDROGEL_PACK;XIRECS;9991.0;4;0
280000;;;HYDROGEL_PACK;XIRECS;9991.0;3;0
280600;;;VELVETFRUIT_EXTRACT;XIRECS;5238.0;8;0
281300;;;VELVETFRUIT_EXTRACT;XIRECS;5242.0;8;0
281500;;;HYDROGEL_PACK;XIRECS;9973.0;5;0
281700;;;VEV_4000;XIRECS;1232.0;3;0
282600;;;VELVETFRUIT_EXTRACT;XIRECS;5243.0;7;0
283800;;;HYDROGEL_PACK;XIRECS;9990.0;2;0
284700;;;HYDROGEL_PACK;XIRECS;9979.0;2;0
286800;;;VELVETFRUIT_EXTRACT;XIRECS;5232.0;6;0
286800;;;VEV_4000;XIRECS;1245.0;3;0
287600;;;HYDROGEL_PACK;XIRECS;9980.0;6;0
287700;;;HYDROGEL_PACK;XIRECS;9984.0;3;0
289500;;;VELVETFRUIT_EXTRACT;XIRECS;5250.0;7;0
290600;;;HYDROGEL_PACK;XIRECS;9981.0;2;0
290700;;;VEV_5500;XIRECS;8.0;5;0
290700;;;VEV_6000;XIRECS;0.0;5;0
290700;;;VEV_6500;XIRECS;0.0;5;0
290800;;;HYDROGEL_PACK;XIRECS;9998.0;5;0
291200;;;VELVETFRUIT_EXTRACT;XIRECS;5237.0;7;0
292400;;;VELVETFRUIT_EXTRACT;XIRECS;5245.0;6;0
292800;;;VEV_6500;XIRECS;0.0;3;0
292800;;;VEV_6000;XIRECS;0.0;3;0
292800;;;VEV_5500;XIRECS;8.0;3;0
292800;;;VEV_5400;XIRECS;19.0;3;0
293200;;;VELVETFRUIT_EXTRACT;XIRECS;5242.0;7;0
294900;;;HYDROGEL_PACK;XIRECS;10006.0;6;0
296600;;;VEV_4000;XIRECS;1239.0;3;0
297300;;;VELVETFRUIT_EXTRACT;XIRECS;5245.0;3;0
297600;;;VELVETFRUIT_EXTRACT;XIRECS;5245.0;8;0
297800;;;VELVETFRUIT_EXTRACT;XIRECS;5251.0;5;0
298700;;;HYDROGEL_PACK;XIRECS;10003.0;4;0
304100;;;VEV_4000;XIRECS;1244.0;1;0
304700;;;VELVETFRUIT_EXTRACT;XIRECS;5255.0;4;0
305700;;;VELVETFRUIT_EXTRACT;XIRECS;5252.0;8;0
305800;;;HYDROGEL_PACK;XIRECS;10020.0;2;0
310000;;;VELVETFRUIT_EXTRACT;XIRECS;5253.0;3;0
310200;;;HYDROGEL_PACK;XIRECS;10016.0;2;0
311500;;;HYDROGEL_PACK;XIRECS;10027.0;5;0
313000;;;VEV_4000;XIRECS;1248.0;2;0
313400;;;HYDROGEL_PACK;XIRECS;10023.0;5;0
316700;;;VEV_6500;XIRECS;0.0;5;0
316700;;;VEV_6000;XIRECS;0.0;5;0
316700;;;VEV_5400;XIRECS;22.0;5;0
316700;;;VEV_5500;XIRECS;9.0;5;0
317600;;;VEV_5400;XIRECS;22.0;2;0
317600;;;VEV_5500;XIRECS;9.0;2;0
317600;;;VEV_6000;XIRECS;0.0;2;0
317600;;;VEV_6500;XIRECS;0.0;2;0
318700;;;HYDROGEL_PACK;XIRECS;10014.0;6;0
320300;;;VEV_4000;XIRECS;1253.0;2;0
320700;;;VEV_4000;XIRECS;1273.0;3;0
320900;;;HYDROGEL_PACK;XIRECS;10034.0;4;0
321200;;;VELVETFRUIT_EXTRACT;XIRECS;5257.0;10;0
321200;;;HYDROGEL_PACK;XIRECS;10009.0;4;0
322800;;;VEV_4000;XIRECS;1250.0;1;0
323400;;;VELVETFRUIT_EXTRACT;XIRECS;5258.0;12;0
323500;;;VEV_4000;XIRECS;1247.0;3;0
323900;;;VELVETFRUIT_EXTRACT;XIRECS;5258.0;7;0
327600;;;VELVETFRUIT_EXTRACT;XIRECS;5269.0;3;0
328800;;;VEV_4000;XIRECS;1256.0;3;0
329500;;;VELVETFRUIT_EXTRACT;XIRECS;5266.0;10;0
329700;;;VELVETFRUIT_EXTRACT;XIRECS;5265.0;3;0
330900;;;HYDROGEL_PACK;XIRECS;10040.0;3;0
331400;;;HYDROGEL_PACK;XIRECS;10025.0;2;0
332300;;;VEV_6500;XIRECS;0.0;4;0
332300;;;VEV_6000;XIRECS;0.0;4;0
332300;;;VEV_5500;XIRECS;10.0;4;0
332300;;;VEV_5300;XIRECS;58.0;4;0
332700;;;HYDROGEL_PACK;XIRECS;10030.0;6;0
335000;;;HYDROGEL_PACK;XIRECS;10047.0;5;0
335300;;;HYDROGEL_PACK;XIRECS;10048.0;4;0
335400;;;HYDROGEL_PACK;XIRECS;10048.0;4;0
335400;;;VELVETFRUIT_EXTRACT;XIRECS;5266.0;8;0
336800;;;HYDROGEL_PACK;XIRECS;10034.0;5;0
338000;;;VELVETFRUIT_EXTRACT;XIRECS;5262.0;3;0
340000;;;HYDROGEL_PACK;XIRECS;10028.0;6;0
345000;;;HYDROGEL_PACK;XIRECS;10015.0;4;0
345100;;;VEV_4000;XIRECS;1242.0;2;0
345400;;;VELVETFRUIT_EXTRACT;XIRECS;5250.0;8;0
346300;;;VELVETFRUIT_EXTRACT;XIRECS;5262.0;8;0
346400;;;VELVETFRUIT_EXTRACT;XIRECS;5258.0;3;0
347400;;;VEV_4000;XIRECS;1253.0;1;0
350700;;;VELVETFRUIT_EXTRACT;XIRECS;5276.0;6;0
351100;;;VELVETFRUIT_EXTRACT;XIRECS;5271.0;7;0
351800;;;VEV_4000;XIRECS;1265.0;1;0
352700;;;VELVETFRUIT_EXTRACT;XIRECS;5274.0;7;0
354000;;;VELVETFRUIT_EXTRACT;XIRECS;5270.0;3;0
354400;;;VELVETFRUIT_EXTRACT;XIRECS;5271.0;4;0
356200;;;VEV_4000;XIRECS;1262.0;1;0
358200;;;HYDROGEL_PACK;XIRECS;9994.0;6;0
359500;;;VELVETFRUIT_EXTRACT;XIRECS;5279.0;6;0
360000;;;VEV_6000;XIRECS;0.0;4;0
360000;;;VEV_6500;XIRECS;0.0;4;0
363700;;;HYDROGEL_PACK;XIRECS;10022.0;5;0
365100;;;VEV_4000;XIRECS;1266.0;1;0
366300;;;VELVETFRUIT_EXTRACT;XIRECS;5279.0;7;0
366900;;;HYDROGEL_PACK;XIRECS;10045.0;5;0
367000;;;HYDROGEL_PACK;XIRECS;10042.0;5;0
369300;;;VEV_4000;XIRECS;1263.0;1;0
369900;;;VELVETFRUIT_EXTRACT;XIRECS;5274.0;8;0
370400;;;HYDROGEL_PACK;XIRECS;10047.0;2;0
370600;;;HYDROGEL_PACK;XIRECS;10031.0;4;0
372300;;;VELVETFRUIT_EXTRACT;XIRECS;5279.0;9;0
373300;;;HYDROGEL_PACK;XIRECS;10054.0;2;0
374900;;;VELVETFRUIT_EXTRACT;XIRECS;5287.0;3;0
374900;;;VEV_4000;XIRECS;1295.0;1;0
376500;;;VELVETFRUIT_EXTRACT;XIRECS;5287.0;3;0
376700;;;VELVETFRUIT_EXTRACT;XIRECS;5286.0;8;0
378100;;;VEV_4000;XIRECS;1267.0;3;0
380100;;;VEV_4000;XIRECS;1280.0;1;0
380500;;;HYDROGEL_PACK;XIRECS;10043.0;4;0
381200;;;VELVETFRUIT_EXTRACT;XIRECS;5269.0;7;0
381400;;;HYDROGEL_PACK;XIRECS;10035.0;4;0
383100;;;HYDROGEL_PACK;XIRECS;10033.0;6;0
386500;;;VELVETFRUIT_EXTRACT;XIRECS;5271.0;3;0
387500;;;VELVETFRUIT_EXTRACT;XIRECS;5275.0;7;0
388000;;;VELVETFRUIT_EXTRACT;XIRECS;5275.0;4;0
389600;;;VELVETFRUIT_EXTRACT;XIRECS;5271.0;4;0
389800;;;HYDROGEL_PACK;XIRECS;10018.0;4;0
390400;;;HYDROGEL_PACK;XIRECS;10003.0;6;0
392600;;;VELVETFRUIT_EXTRACT;XIRECS;5266.0;8;0
394200;;;VELVETFRUIT_EXTRACT;XIRECS;5261.0;7;0
394300;;;VEV_4000;XIRECS;1272.0;2;0
395500;;;VELVETFRUIT_EXTRACT;XIRECS;5261.0;3;0
396900;;;VELVETFRUIT_EXTRACT;XIRECS;5263.0;10;0
397900;;;VELVETFRUIT_EXTRACT;XIRECS;5260.0;6;0
399700;;;VELVETFRUIT_EXTRACT;XIRECS;5259.0;6;0
402000;;;HYDROGEL_PACK;XIRECS;10016.0;4;0
402100;;;VEV_6500;XIRECS;0.0;3;0
402100;;;VEV_6000;XIRECS;0.0;3;0
402100;;;VEV_5400;XIRECS;21.0;3;0
402100;;;VEV_5500;XIRECS;9.0;3;0
404300;;;VELVETFRUIT_EXTRACT;XIRECS;5260.0;8;0
405600;;;HYDROGEL_PACK;XIRECS;9999.0;5;0
405800;;;VELVETFRUIT_EXTRACT;XIRECS;5260.0;7;0
407400;;;VEV_4000;XIRECS;1281.0;1;0
407800;;;VELVETFRUIT_EXTRACT;XIRECS;5271.0;9;0
409600;;;VELVETFRUIT_EXTRACT;XIRECS;5269.0;6;0
410500;;;HYDROGEL_PACK;XIRECS;9990.0;3;0
411400;;;VEV_4000;XIRECS;1281.0;1;0
414600;;;HYDROGEL_PACK;XIRECS;9993.0;2;0
414800;;;VELVETFRUIT_EXTRACT;XIRECS;5266.0;5;0
416400;;;HYDROGEL_PACK;XIRECS;9964.0;5;0
417000;;;HYDROGEL_PACK;XIRECS;9978.0;6;0
417000;;;VELVETFRUIT_EXTRACT;XIRECS;5264.0;9;0
417100;;;HYDROGEL_PACK;XIRECS;9977.0;2;0
417500;;;VEV_4000;XIRECS;1274.0;2;0
419500;;;VELVETFRUIT_EXTRACT;XIRECS;5262.0;5;0
420400;;;VEV_5500;XIRECS;9.0;3;0
420400;;;VEV_6000;XIRECS;0.0;3;0
420400;;;VEV_5400;XIRECS;21.0;3;0
420400;;;VEV_6500;XIRECS;0.0;3;0
421200;;;VELVETFRUIT_EXTRACT;XIRECS;5270.0;5;0
422900;;;HYDROGEL_PACK;XIRECS;9977.0;4;0
423100;;;VELVETFRUIT_EXTRACT;XIRECS;5264.0;6;0
425600;;;HYDROGEL_PACK;XIRECS;9994.0;2;0
428200;;;VELVETFRUIT_EXTRACT;XIRECS;5256.0;8;0
428300;;;HYDROGEL_PACK;XIRECS;10001.0;5;0
429100;;;HYDROGEL_PACK;XIRECS;9979.0;3;0
429700;;;VELVETFRUIT_EXTRACT;XIRECS;5249.0;8;0
430800;;;VELVETFRUIT_EXTRACT;XIRECS;5252.0;4;0
431800;;;VEV_4000;XIRECS;1260.0;1;0
432000;;;VELVETFRUIT_EXTRACT;XIRECS;5249.0;8;0
433100;;;VELVETFRUIT_EXTRACT;XIRECS;5246.0;9;0
433500;;;VELVETFRUIT_EXTRACT;XIRECS;5248.0;3;0
435200;;;HYDROGEL_PACK;XIRECS;9978.0;6;0
436500;;;HYDROGEL_PACK;XIRECS;9985.0;3;0
436600;;;VELVETFRUIT_EXTRACT;XIRECS;5249.0;8;0
437100;;;VELVETFRUIT_EXTRACT;XIRECS;5245.0;5;0
440100;;;VELVETFRUIT_EXTRACT;XIRECS;5248.0;4;0
442300;;;VELVETFRUIT_EXTRACT;XIRECS;5244.0;7;0
443900;;;HYDROGEL_PACK;XIRECS;9966.0;5;0
446300;;;HYDROGEL_PACK;XIRECS;9960.0;3;0
446500;;;VEV_4000;XIRECS;1240.0;1;0
447400;;;HYDROGEL_PACK;XIRECS;9944.0;5;0
447500;;;VEV_4000;XIRECS;1261.0;3;0
447800;;;VEV_4000;XIRECS;1240.0;3;0
447800;;;VEV_5300;XIRECS;49.0;5;0
447800;;;VEV_5400;XIRECS;18.0;5;0
447800;;;VEV_5500;XIRECS;7.0;5;0
447800;;;VEV_6000;XIRECS;0.0;5;0
447800;;;VEV_6500;XIRECS;0.0;5;0
448000;;;HYDROGEL_PACK;XIRECS;9951.0;4;0
448100;;;VEV_4000;XIRECS;1240.0;2;0
448400;;;VELVETFRUIT_EXTRACT;XIRECS;5253.0;7;0
449700;;;VEV_6500;XIRECS;0.0;5;0
449700;;;VEV_6000;XIRECS;0.0;5;0
449700;;;VEV_5400;XIRECS;17.0;5;0
449700;;;VEV_5500;XIRECS;7.0;5;0
450100;;;VELVETFRUIT_EXTRACT;XIRECS;5242.0;5;0
450300;;;VELVETFRUIT_EXTRACT;XIRECS;5246.0;7;0
450400;;;VEV_4000;XIRECS;1235.0;3;0
450500;;;VELVETFRUIT_EXTRACT;XIRECS;5243.0;6;0
452500;;;VELVETFRUIT_EXTRACT;XIRECS;5240.0;8;0
453100;;;VEV_6500;XIRECS;0.0;3;0
453100;;;VEV_5500;XIRECS;6.0;3;0
453100;;;VEV_6000;XIRECS;0.0;3;0
453100;;;VEV_5300;XIRECS;45.0;3;0
453100;;;VEV_5400;XIRECS;16.0;3;0
453900;;;VELVETFRUIT_EXTRACT;XIRECS;5237.0;10;0
454500;;;VELVETFRUIT_EXTRACT;XIRECS;5240.0;8;0
454500;;;VEV_4000;XIRECS;1232.0;2;0
455100;;;HYDROGEL_PACK;XIRECS;9962.0;5;0
455600;;;VELVETFRUIT_EXTRACT;XIRECS;5241.0;4;0
456500;;;VEV_4000;XIRECS;1251.0;3;0
456600;;;VELVETFRUIT_EXTRACT;XIRECS;5243.0;8;0
458100;;;VELVETFRUIT_EXTRACT;XIRECS;5237.0;8;0
459200;;;VEV_4000;XIRECS;1229.0;3;0
460000;;;HYDROGEL_PACK;XIRECS;9979.0;6;0
460100;;;HYDROGEL_PACK;XIRECS;9981.0;3;0
462900;;;HYDROGEL_PACK;XIRECS;9977.0;5;0
463000;;;HYDROGEL_PACK;XIRECS;9974.0;3;0
463300;;;VELVETFRUIT_EXTRACT;XIRECS;5227.0;8;0
463700;;;VELVETFRUIT_EXTRACT;XIRECS;5234.0;3;0
467600;;;HYDROGEL_PACK;XIRECS;9966.0;3;0
469900;;;VELVETFRUIT_EXTRACT;XIRECS;5233.0;3;0
470500;;;VELVETFRUIT_EXTRACT;XIRECS;5232.0;5;0
471100;;;VELVETFRUIT_EXTRACT;XIRECS;5231.0;6;0
471700;;;HYDROGEL_PACK;XIRECS;9980.0;3;0
472600;;;VELVETFRUIT_EXTRACT;XIRECS;5233.0;7;0
472700;;;VELVETFRUIT_EXTRACT;XIRECS;5234.0;6;0
473100;;;HYDROGEL_PACK;XIRECS;9970.0;3;0
474000;;;VELVETFRUIT_EXTRACT;XIRECS;5238.0;7;0
474600;;;VELVETFRUIT_EXTRACT;XIRECS;5232.0;9;0
474900;;;HYDROGEL_PACK;XIRECS;9964.0;5;0
476200;;;HYDROGEL_PACK;XIRECS;9957.0;4;0
476800;;;VELVETFRUIT_EXTRACT;XIRECS;5240.0;8;0
477700;;;HYDROGEL_PACK;XIRECS;9958.0;5;0
478700;;;VELVETFRUIT_EXTRACT;XIRECS;5234.0;3;0
479200;;;VEV_5400;XIRECS;15.0;2;0
479200;;;VEV_5500;XIRECS;6.0;2;0
479200;;;VEV_6000;XIRECS;0.0;2;0
479200;;;VEV_6500;XIRECS;0.0;2;0
481600;;;HYDROGEL_PACK;XIRECS;9956.0;3;0
482700;;;VELVETFRUIT_EXTRACT;XIRECS;5251.0;7;0
483100;;;VELVETFRUIT_EXTRACT;XIRECS;5247.0;3;0
486200;;;VEV_6000;XIRECS;0.0;4;0
486200;;;VEV_6500;XIRECS;0.0;4;0
486200;;;VEV_5400;XIRECS;17.0;4;0
486200;;;VEV_5500;XIRECS;7.0;4;0
487500;;;HYDROGEL_PACK;XIRECS;9959.0;4;0
488600;;;VELVETFRUIT_EXTRACT;XIRECS;5244.0;5;0
489700;;;HYDROGEL_PACK;XIRECS;9956.0;6;0
489900;;;HYDROGEL_PACK;XIRECS;9955.0;6;0
490300;;;VEV_5300;XIRECS;45.0;2;0
490300;;;VEV_5400;XIRECS;16.0;2;0
490300;;;VEV_5500;XIRECS;7.0;2;0
490300;;;VEV_6000;XIRECS;0.0;2;0
490300;;;VEV_6500;XIRECS;0.0;2;0
491300;;;VELVETFRUIT_EXTRACT;XIRECS;5234.0;4;0
491300;;;VELVETFRUIT_EXTRACT;XIRECS;5234.0;3;0
491600;;;VELVETFRUIT_EXTRACT;XIRECS;5238.0;3;0
493600;;;VELVETFRUIT_EXTRACT;XIRECS;5241.0;5;0
493600;;;HYDROGEL_PACK;XIRECS;9982.0;2;0
494100;;;VELVETFRUIT_EXTRACT;XIRECS;5244.0;6;0
495200;;;VELVETFRUIT_EXTRACT;XIRECS;5242.0;7;0
496300;;;HYDROGEL_PACK;XIRECS;9973.0;4;0
497200;;;HYDROGEL_PACK;XIRECS;9971.0;5;0
498200;;;HYDROGEL_PACK;XIRECS;9963.0;5;0
498300;;;VEV_4000;XIRECS;1234.0;3;0
499400;;;VELVETFRUIT_EXTRACT;XIRECS;5247.0;7;0
499600;;;HYDROGEL_PACK;XIRECS;9979.0;6;0
501100;;;VELVETFRUIT_EXTRACT;XIRECS;5246.0;6;0
501400;;;HYDROGEL_PACK;XIRECS;9986.0;5;0
501600;;;HYDROGEL_PACK;XIRECS;9985.0;6;0
502000;;;HYDROGEL_PACK;XIRECS;9983.0;3;0
502700;;;VELVETFRUIT_EXTRACT;XIRECS;5243.0;6;0
503200;;;VEV_4000;XIRECS;1228.0;3;0
504400;;;VEV_4000;XIRECS;1228.0;3;0
504900;;;VEV_4000;XIRECS;1227.0;3;0
505100;;;VEV_4000;XIRECS;1251.0;3;0
505700;;;VEV_6500;XIRECS;0.0;4;0
505700;;;VEV_5500;XIRECS;7.0;4;0
505700;;;VEV_6000;XIRECS;0.0;4;0
505700;;;VEV_5300;XIRECS;45.0;4;0
505700;;;VEV_5400;XIRECS;16.0;4;0
506200;;;VEV_4000;XIRECS;1233.0;1;0
507500;;;VELVETFRUIT_EXTRACT;XIRECS;5231.0;6;0
510900;;;HYDROGEL_PACK;XIRECS;9939.0;4;0
512300;;;VELVETFRUIT_EXTRACT;XIRECS;5225.0;7;0
513300;;;VELVETFRUIT_EXTRACT;XIRECS;5225.0;10;0
513900;;;VELVETFRUIT_EXTRACT;XIRECS;5232.0;7;0
515500;;;VELVETFRUIT_EXTRACT;XIRECS;5225.0;7;0
515600;;;HYDROGEL_PACK;XIRECS;9931.0;5;0
515800;;;VELVETFRUIT_EXTRACT;XIRECS;5228.0;4;0
516300;;;HYDROGEL_PACK;XIRECS;9937.0;5;0
517700;;;VEV_4000;XIRECS;1223.0;2;0
517900;;;HYDROGEL_PACK;XIRECS;9954.0;3;0
518000;;;HYDROGEL_PACK;XIRECS;9936.0;5;0
518000;;;VELVETFRUIT_EXTRACT;XIRECS;5234.0;7;0
518000;;;VEV_4000;XIRECS;1226.0;2;0
519600;;;VELVETFRUIT_EXTRACT;XIRECS;5241.0;5;0
520200;;;VELVETFRUIT_EXTRACT;XIRECS;5243.0;4;0
521000;;;VELVETFRUIT_EXTRACT;XIRECS;5246.0;5;0
521400;;;HYDROGEL_PACK;XIRECS;9965.0;6;0
521500;;;VELVETFRUIT_EXTRACT;XIRECS;5248.0;4;0
522300;;;HYDROGEL_PACK;XIRECS;9971.0;6;0
522400;;;VELVETFRUIT_EXTRACT;XIRECS;5249.0;7;0
523200;;;VELVETFRUIT_EXTRACT;XIRECS;5255.0;8;0
523700;;;VEV_4000;XIRECS;1241.0;1;0
525200;;;VEV_4000;XIRECS;1244.0;3;0
525700;;;VELVETFRUIT_EXTRACT;XIRECS;5257.0;8;0
526300;;;VEV_4000;XIRECS;1267.0;2;0
526600;;;VEV_4000;XIRECS;1245.0;2;0
526800;;;HYDROGEL_PACK;XIRECS;9990.0;2;0
527200;;;HYDROGEL_PACK;XIRECS;9972.0;5;0
528700;;;VEV_4000;XIRECS;1249.0;2;0
530400;;;VELVETFRUIT_EXTRACT;XIRECS;5263.0;7;0
531300;;;VELVETFRUIT_EXTRACT;XIRECS;5255.0;10;0
532500;;;VEV_4000;XIRECS;1267.0;2;0
534700;;;VEV_5300;XIRECS;51.0;5;0
534700;;;VEV_5500;XIRECS;8.0;5;0
534700;;;VEV_6000;XIRECS;0.0;5;0
534700;;;VEV_6500;XIRECS;0.0;5;0
535000;;;VELVETFRUIT_EXTRACT;XIRECS;5249.0;3;0
535900;;;VELVETFRUIT_EXTRACT;XIRECS;5253.0;7;0
537500;;;VELVETFRUIT_EXTRACT;XIRECS;5247.0;8;0
538100;;;VEV_4000;XIRECS;1256.0;2;0
540100;;;VELVETFRUIT_EXTRACT;XIRECS;5246.0;7;0
540300;;;HYDROGEL_PACK;XIRECS;9980.0;2;0
542600;;;VELVETFRUIT_EXTRACT;XIRECS;5249.0;7;0
543200;;;VELVETFRUIT_EXTRACT;XIRECS;5241.0;8;0
545700;;;HYDROGEL_PACK;XIRECS;9963.0;5;0
546200;;;VELVETFRUIT_EXTRACT;XIRECS;5243.0;5;0
546400;;;VEV_4000;XIRECS;1251.0;3;0
547100;;;VELVETFRUIT_EXTRACT;XIRECS;5240.0;12;0
547400;;;VELVETFRUIT_EXTRACT;XIRECS;5238.0;3;0
548800;;;VEV_4000;XIRECS;1253.0;2;0
548900;;;VELVETFRUIT_EXTRACT;XIRECS;5241.0;3;0
550400;;;VELVETFRUIT_EXTRACT;XIRECS;5243.0;9;0
551200;;;VELVETFRUIT_EXTRACT;XIRECS;5244.0;4;0
552800;;;VELVETFRUIT_EXTRACT;XIRECS;5248.0;7;0
553800;;;VELVETFRUIT_EXTRACT;XIRECS;5242.0;15;0
554300;;;HYDROGEL_PACK;XIRECS;9943.0;5;0
554300;;;VELVETFRUIT_EXTRACT;XIRECS;5240.0;3;0
554500;;;VEV_5400;XIRECS;16.0;4;0
554500;;;VEV_5500;XIRECS;7.0;4;0
554500;;;VEV_6000;XIRECS;0.0;4;0
554500;;;VEV_6500;XIRECS;0.0;4;0
555000;;;HYDROGEL_PACK;XIRECS;9938.0;2;0
557400;;;HYDROGEL_PACK;XIRECS;9960.0;2;0
558300;;;HYDROGEL_PACK;XIRECS;9971.0;3;0
559100;;;VELVETFRUIT_EXTRACT;XIRECS;5235.0;7;0
559800;;;HYDROGEL_PACK;XIRECS;9972.0;6;0
560800;;;VELVETFRUIT_EXTRACT;XIRECS;5238.0;4;0
562900;;;HYDROGEL_PACK;XIRECS;9960.0;5;0
563300;;;VEV_4000;XIRECS;1247.0;3;0
566400;;;VELVETFRUIT_EXTRACT;XIRECS;5246.0;6;0
566500;;;HYDROGEL_PACK;XIRECS;9958.0;3;0
568200;;;VELVETFRUIT_EXTRACT;XIRECS;5247.0;7;0
568400;;;HYDROGEL_PACK;XIRECS;9949.0;4;0
568500;;;HYDROGEL_PACK;XIRECS;9965.0;3;0
568800;;;VEV_5400;XIRECS;18.0;3;0
568800;;;VEV_5500;XIRECS;8.0;3;0
568800;;;VEV_6000;XIRECS;0.0;3;0
568800;;;VEV_6500;XIRECS;0.0;3;0
569000;;;VELVETFRUIT_EXTRACT;XIRECS;5254.0;8;0
571700;;;VELVETFRUIT_EXTRACT;XIRECS;5249.0;8;0
574300;;;HYDROGEL_PACK;XIRECS;9951.0;4;0
574400;;;VELVETFRUIT_EXTRACT;XIRECS;5239.0;5;0
575000;;;VEV_6500;XIRECS;0.0;5;0
575000;;;VEV_6000;XIRECS;0.0;5;0
575000;;;VEV_5300;XIRECS;46.0;5;0
575000;;;VEV_5500;XIRECS;7.0;5;0
577000;;;VEV_4000;XIRECS;1251.0;3;0
577100;;;VEV_4000;XIRECS;1251.0;1;0
579000;;;VELVETFRUIT_EXTRACT;XIRECS;5244.0;5;0
579200;;;VELVETFRUIT_EXTRACT;XIRECS;5240.0;4;0
579300;;;HYDROGEL_PACK;XIRECS;9969.0;2;0
579800;;;VELVETFRUIT_EXTRACT;XIRECS;5245.0;6;0
581000;;;VELVETFRUIT_EXTRACT;XIRECS;5241.0;7;0
581900;;;HYDROGEL_PACK;XIRECS;9969.0;5;0
584300;;;VELVETFRUIT_EXTRACT;XIRECS;5237.0;8;0
585000;;;VEV_5400;XIRECS;16.0;4;0
585000;;;VEV_5500;XIRECS;7.0;4;0
585000;;;VEV_6000;XIRECS;0.0;4;0
585000;;;VEV_6500;XIRECS;0.0;4;0
585100;;;VELVETFRUIT_EXTRACT;XIRECS;5246.0;6;0
585200;;;VEV_4000;XIRECS;1254.0;2;0
585800;;;VELVETFRUIT_EXTRACT;XIRECS;5233.0;6;0
588900;;;HYDROGEL_PACK;XIRECS;9991.0;3;0
590500;;;VEV_4000;XIRECS;1250.0;2;0
591100;;;VEV_5300;XIRECS;46.0;2;0
591100;;;VEV_5500;XIRECS;7.0;2;0
591100;;;VEV_6000;XIRECS;0.0;2;0
591100;;;VEV_6500;XIRECS;0.0;2;0
591300;;;HYDROGEL_PACK;XIRECS;9980.0;2;0
592300;;;HYDROGEL_PACK;XIRECS;9982.0;4;0
592500;;;VELVETFRUIT_EXTRACT;XIRECS;5248.0;10;0
593200;;;VELVETFRUIT_EXTRACT;XIRECS;5249.0;3;0
593300;;;VEV_6500;XIRECS;0.0;2;0
593300;;;VEV_6000;XIRECS;0.0;2;0
593300;;;VEV_5400;XIRECS;16.0;2;0
593300;;;VEV_5500;XIRECS;7.0;2;0
594300;;;VEV_4000;XIRECS;1257.0;3;0
596100;;;HYDROGEL_PACK;XIRECS;9977.0;4;0
596500;;;HYDROGEL_PACK;XIRECS;9996.0;6;0
598100;;;HYDROGEL_PACK;XIRECS;9981.0;6;0
599000;;;VELVETFRUIT_EXTRACT;XIRECS;5252.0;3;0
599500;;;HYDROGEL_PACK;XIRECS;10003.0;2;0
599700;;;HYDROGEL_PACK;XIRECS;9986.0;5;0
601600;;;HYDROGEL_PACK;XIRECS;9996.0;6;0
603000;;;VEV_6500;XIRECS;0.0;2;0
603000;;;VEV_6000;XIRECS;0.0;2;0
603000;;;VEV_5300;XIRECS;46.0;2;0
603000;;;VEV_5500;XIRECS;7.0;2;0
603100;;;VEV_4000;XIRECS;1252.0;3;0
604600;;;VELVETFRUIT_EXTRACT;XIRECS;5243.0;7;0
605600;;;VELVETFRUIT_EXTRACT;XIRECS;5239.0;5;0
606800;;;VELVETFRUIT_EXTRACT;XIRECS;5236.0;3;0
608000;;;VELVETFRUIT_EXTRACT;XIRECS;5236.0;8;0
611300;;;VEV_4000;XIRECS;1250.0;1;0
613300;;;VEV_6000;XIRECS;0.0;5;0
613300;;;VEV_6500;XIRECS;0.0;5;0
613300;;;VEV_5400;XIRECS;14.0;5;0
613300;;;VEV_5500;XIRECS;6.0;5;0
616500;;;HYDROGEL_PACK;XIRECS;10016.0;6;0
618000;;;VELVETFRUIT_EXTRACT;XIRECS;5228.0;6;0
619000;;;HYDROGEL_PACK;XIRECS;9987.0;2;0
620400;;;VELVETFRUIT_EXTRACT;XIRECS;5224.0;4;0
621900;;;VELVETFRUIT_EXTRACT;XIRECS;5225.0;8;0
622000;;;HYDROGEL_PACK;XIRECS;10011.0;6;0
622100;;;VEV_4000;XIRECS;1213.0;2;0
622700;;;VELVETFRUIT_EXTRACT;XIRECS;5220.0;7;0
623300;;;VELVETFRUIT_EXTRACT;XIRECS;5218.0;3;0
623900;;;VEV_4000;XIRECS;1229.0;2;0
624800;;;VELVETFRUIT_EXTRACT;XIRECS;5220.0;6;0
625700;;;HYDROGEL_PACK;XIRECS;9985.0;2;0
626500;;;VEV_5300;XIRECS;38.0;2;0
626500;;;VEV_5400;XIRECS;12.0;2;0
626500;;;VEV_5500;XIRECS;5.0;2;0
626500;;;VEV_6000;XIRECS;0.0;2;0
626500;;;VEV_6500;XIRECS;0.0;2;0
626900;;;HYDROGEL_PACK;XIRECS;9980.0;2;0
627400;;;HYDROGEL_PACK;XIRECS;9989.0;5;0
629100;;;VELVETFRUIT_EXTRACT;XIRECS;5220.0;4;0
629300;;;HYDROGEL_PACK;XIRECS;9997.0;4;0
629700;;;HYDROGEL_PACK;XIRECS;9983.0;4;0
631100;;;HYDROGEL_PACK;XIRECS;10005.0;3;0
631900;;;VEV_5300;XIRECS;38.0;4;0
631900;;;VEV_5400;XIRECS;12.0;4;0
631900;;;VEV_5500;XIRECS;5.0;4;0
631900;;;VEV_6000;XIRECS;0.0;4;0
631900;;;VEV_6500;XIRECS;0.0;4;0
634800;;;HYDROGEL_PACK;XIRECS;10012.0;2;0
635000;;;VELVETFRUIT_EXTRACT;XIRECS;5228.0;5;0
636500;;;VELVETFRUIT_EXTRACT;XIRECS;5225.0;3;0
636700;;;HYDROGEL_PACK;XIRECS;10015.0;3;0
637800;;;VELVETFRUIT_EXTRACT;XIRECS;5232.0;4;0
638400;;;HYDROGEL_PACK;XIRECS;9988.0;5;0
638500;;;HYDROGEL_PACK;XIRECS;10003.0;6;0
639800;;;VELVETFRUIT_EXTRACT;XIRECS;5233.0;5;0
639900;;;HYDROGEL_PACK;XIRECS;9978.0;2;0
640100;;;HYDROGEL_PACK;XIRECS;9998.0;4;0
640300;;;VEV_6000;XIRECS;0.0;5;0
640300;;;VEV_6500;XIRECS;0.0;5;0
640300;;;VEV_5300;XIRECS;42.0;5;0
640300;;;VEV_5500;XIRECS;6.0;5;0
640800;;;HYDROGEL_PACK;XIRECS;9983.0;5;0
641600;;;VELVETFRUIT_EXTRACT;XIRECS;5229.0;8;0
641800;;;VELVETFRUIT_EXTRACT;XIRECS;5233.0;6;0
642400;;;VELVETFRUIT_EXTRACT;XIRECS;5227.0;8;0
642700;;;VELVETFRUIT_EXTRACT;XIRECS;5229.0;13;0
643900;;;HYDROGEL_PACK;XIRECS;10010.0;6;0
644300;;;VEV_4000;XIRECS;1217.0;2;0
644700;;;VELVETFRUIT_EXTRACT;XIRECS;5233.0;4;0
645000;;;VEV_4000;XIRECS;1240.0;1;0
645200;;;VELVETFRUIT_EXTRACT;XIRECS;5224.0;7;0
645400;;;HYDROGEL_PACK;XIRECS;10009.0;4;0
645500;;;HYDROGEL_PACK;XIRECS;10024.0;2;0
645800;;;VEV_4000;XIRECS;1218.0;1;0
646500;;;HYDROGEL_PACK;XIRECS;10029.0;6;0
646800;;;VELVETFRUIT_EXTRACT;XIRECS;5233.0;5;0
648100;;;VELVETFRUIT_EXTRACT;XIRECS;5228.0;3;0
649600;;;HYDROGEL_PACK;XIRECS;10013.0;2;0
650900;;;VELVETFRUIT_EXTRACT;XIRECS;5227.0;4;0
652300;;;HYDROGEL_PACK;XIRECS;10006.0;3;0
653500;;;HYDROGEL_PACK;XIRECS;10012.0;6;0
655000;;;VELVETFRUIT_EXTRACT;XIRECS;5231.0;5;0
655800;;;VEV_5200;XIRECS;88.0;5;0
655800;;;VEV_5500;XIRECS;6.0;5;0
655800;;;VEV_6000;XIRECS;0.0;5;0
655800;;;VEV_6500;XIRECS;0.0;5;0
655900;;;VEV_5300;XIRECS;42.0;3;0
655900;;;VEV_5500;XIRECS;6.0;3;0
655900;;;VEV_6000;XIRECS;0.0;3;0
655900;;;VEV_6500;XIRECS;0.0;3;0
657100;;;VEV_4000;XIRECS;1225.0;1;0
658800;;;VEV_4000;XIRECS;1248.0;2;0
661800;;;HYDROGEL_PACK;XIRECS;10022.0;4;0
662400;;;HYDROGEL_PACK;XIRECS;10004.0;5;0
662500;;;VEV_4000;XIRECS;1256.0;1;0
663100;;;HYDROGEL_PACK;XIRECS;9998.0;5;0
663200;;;VEV_4000;XIRECS;1231.0;1;0
663300;;;VELVETFRUIT_EXTRACT;XIRECS;5245.0;3;0
663600;;;VELVETFRUIT_EXTRACT;XIRECS;5242.0;5;0
664000;;;VEV_4000;XIRECS;1251.0;2;0
664100;;;VEV_4000;XIRECS;1253.0;2;0
665500;;;VEV_4000;XIRECS;1253.0;2;0
668000;;;HYDROGEL_PACK;XIRECS;9999.0;6;0
668300;;;VELVETFRUIT_EXTRACT;XIRECS;5245.0;4;0
669000;;;VELVETFRUIT_EXTRACT;XIRECS;5238.0;6;0
670800;;;HYDROGEL_PACK;XIRECS;9993.0;5;0
672800;;;VELVETFRUIT_EXTRACT;XIRECS;5243.0;4;0
676600;;;VELVETFRUIT_EXTRACT;XIRECS;5237.0;6;0
678200;;;VELVETFRUIT_EXTRACT;XIRECS;5236.0;11;0
679600;;;HYDROGEL_PACK;XIRECS;9995.0;6;0
679600;;;VELVETFRUIT_EXTRACT;XIRECS;5244.0;4;0
680000;;;VELVETFRUIT_EXTRACT;XIRECS;5240.0;9;0
680300;;;VELVETFRUIT_EXTRACT;XIRECS;5243.0;7;0
681600;;;VEV_4000;XIRECS;1249.0;3;0
682000;;;VELVETFRUIT_EXTRACT;XIRECS;5237.0;4;0
682100;;;HYDROGEL_PACK;XIRECS;9982.0;5;0
682200;;;HYDROGEL_PACK;XIRECS;9967.0;6;0
683300;;;VELVETFRUIT_EXTRACT;XIRECS;5234.0;3;0
683500;;;HYDROGEL_PACK;XIRECS;9973.0;4;0
685500;;;VELVETFRUIT_EXTRACT;XIRECS;5244.0;5;0
685800;;;VEV_4000;XIRECS;1254.0;1;0
686000;;;HYDROGEL_PACK;XIRECS;9990.0;4;0
687700;;;VELVETFRUIT_EXTRACT;XIRECS;5244.0;9;0
688200;;;VELVETFRUIT_EXTRACT;XIRECS;5243.0;5;0
689200;;;VEV_4000;XIRECS;1232.0;3;0
690600;;;HYDROGEL_PACK;XIRECS;10000.0;3;0
690600;;;VELVETFRUIT_EXTRACT;XIRECS;5248.0;13;0
691300;;;HYDROGEL_PACK;XIRECS;9982.0;6;0
692200;;;VEV_4000;XIRECS;1237.0;2;0
693200;;;VEV_5400;XIRECS;16.0;2;0
693200;;;VEV_5500;XIRECS;7.0;2;0
693200;;;VEV_6000;XIRECS;0.0;2;0
693200;;;VEV_6500;XIRECS;0.0;2;0
693500;;;VELVETFRUIT_EXTRACT;XIRECS;5249.0;6;0
693800;;;HYDROGEL_PACK;XIRECS;10005.0;6;0
693900;;;VELVETFRUIT_EXTRACT;XIRECS;5251.0;3;0
695000;;;VEV_6500;XIRECS;0.0;2;0
695000;;;VEV_6000;XIRECS;0.0;2;0
695000;;;VEV_5400;XIRECS;16.0;2;0
695000;;;VEV_5500;XIRECS;7.0;2;0
696200;;;VELVETFRUIT_EXTRACT;XIRECS;5251.0;5;0
696300;;;VELVETFRUIT_EXTRACT;XIRECS;5251.0;6;0
696800;;;VELVETFRUIT_EXTRACT;XIRECS;5251.0;5;0
699400;;;HYDROGEL_PACK;XIRECS;10008.0;3;0
707400;;;HYDROGEL_PACK;XIRECS;10024.0;4;0
707600;;;VELVETFRUIT_EXTRACT;XIRECS;5253.0;6;0
708700;;;VELVETFRUIT_EXTRACT;XIRECS;5258.0;3;0
710400;;;VELVETFRUIT_EXTRACT;XIRECS;5252.0;3;0
711600;;;VEV_6500;XIRECS;0.0;2;0
711600;;;VEV_6000;XIRECS;0.0;2;0
711600;;;VEV_5300;XIRECS;47.0;2;0
711600;;;VEV_5400;XIRECS;16.0;2;0
711600;;;VEV_5500;XIRECS;7.0;2;0
711900;;;VELVETFRUIT_EXTRACT;XIRECS;5251.0;3;0
712800;;;HYDROGEL_PACK;XIRECS;10018.0;5;0
712900;;;VELVETFRUIT_EXTRACT;XIRECS;5250.0;6;0
713700;;;VEV_4000;XIRECS;1256.0;1;0
713800;;;VEV_4000;XIRECS;1257.0;2;0
714900;;;HYDROGEL_PACK;XIRECS;10007.0;2;0
715000;;;VEV_6500;XIRECS;0.0;3;0
715000;;;VEV_6000;XIRECS;0.0;3;0
715000;;;HYDROGEL_PACK;XIRECS;10005.0;2;0
715000;;;VEV_5400;XIRECS;17.0;3;0
715000;;;VEV_5500;XIRECS;8.0;3;0
715500;;;VELVETFRUIT_EXTRACT;XIRECS;5249.0;4;0
715600;;;VELVETFRUIT_EXTRACT;XIRECS;5249.0;5;0
719300;;;VELVETFRUIT_EXTRACT;XIRECS;5250.0;7;0
719900;;;VELVETFRUIT_EXTRACT;XIRECS;5250.0;5;0
721300;;;HYDROGEL_PACK;XIRECS;10005.0;5;0
721400;;;HYDROGEL_PACK;XIRECS;10003.0;5;0
722600;;;VEV_6000;XIRECS;0.0;3;0
722600;;;VEV_6500;XIRECS;0.0;3;0
722600;;;VEV_5500;XIRECS;8.0;3;0
722600;;;HYDROGEL_PACK;XIRECS;10001.0;4;0
725000;;;VELVETFRUIT_EXTRACT;XIRECS;5266.0;4;0
727400;;;VELVETFRUIT_EXTRACT;XIRECS;5270.0;6;0
729100;;;VEV_5400;XIRECS;20.0;3;0
729100;;;VEV_5500;XIRECS;9.0;3;0
729100;;;VEV_6000;XIRECS;0.0;3;0
729100;;;VEV_6500;XIRECS;0.0;3;0
731500;;;VELVETFRUIT_EXTRACT;XIRECS;5275.0;7;0
732700;;;VELVETFRUIT_EXTRACT;XIRECS;5268.0;8;0
735100;;;HYDROGEL_PACK;XIRECS;10039.0;5;0
735800;;;VELVETFRUIT_EXTRACT;XIRECS;5269.0;3;0
735900;;;VEV_4000;XIRECS;1260.0;2;0
736700;;;VEV_5400;XIRECS;20.0;2;0
736700;;;VEV_5500;XIRECS;9.0;2;0
736700;;;VEV_6000;XIRECS;0.0;2;0
736700;;;VEV_6500;XIRECS;0.0;2;0
736800;;;VEV_6000;XIRECS;0.0;2;0
736800;;;VEV_5500;XIRECS;9.0;2;0
736800;;;VEV_6500;XIRECS;0.0;2;0
738300;;;HYDROGEL_PACK;XIRECS;10037.0;5;0
738400;;;HYDROGEL_PACK;XIRECS;10054.0;2;0
739100;;;VEV_4000;XIRECS;1281.0;3;0
740800;;;HYDROGEL_PACK;XIRECS;10058.0;3;0
741100;;;VELVETFRUIT_EXTRACT;XIRECS;5269.0;9;0
741300;;;HYDROGEL_PACK;XIRECS;10057.0;2;0
744700;;;VELVETFRUIT_EXTRACT;XIRECS;5272.0;6;0
746600;;;VELVETFRUIT_EXTRACT;XIRECS;5269.0;7;0
746800;;;VELVETFRUIT_EXTRACT;XIRECS;5275.0;4;0
748000;;;VEV_4000;XIRECS;1286.0;1;0
748000;;;VELVETFRUIT_EXTRACT;XIRECS;5278.0;7;0
748800;;;HYDROGEL_PACK;XIRECS;10038.0;6;0
750300;;;HYDROGEL_PACK;XIRECS;10029.0;4;0
750300;;;VELVETFRUIT_EXTRACT;XIRECS;5279.0;6;0
754800;;;HYDROGEL_PACK;XIRECS;10049.0;3;0
755900;;;HYDROGEL_PACK;XIRECS;10047.0;2;0
756100;;;VELVETFRUIT_EXTRACT;XIRECS;5270.0;14;0
757300;;;VEV_6000;XIRECS;0.0;5;0
757300;;;VEV_6500;XIRECS;0.0;5;0
758600;;;VELVETFRUIT_EXTRACT;XIRECS;5275.0;3;0
758800;;;VELVETFRUIT_EXTRACT;XIRECS;5273.0;6;0
760300;;;HYDROGEL_PACK;XIRECS;10025.0;6;0
761600;;;VELVETFRUIT_EXTRACT;XIRECS;5259.0;4;0
761600;;;VEV_4000;XIRECS;1245.0;3;0
762000;;;VEV_4000;XIRECS;1267.0;2;0
762200;;;HYDROGEL_PACK;XIRECS;10003.0;3;0
762500;;;VEV_4000;XIRECS;1266.0;2;0
762800;;;HYDROGEL_PACK;XIRECS;10002.0;5;0
763000;;;HYDROGEL_PACK;XIRECS;10018.0;4;0
764200;;;HYDROGEL_PACK;XIRECS;9995.0;4;0
764300;;;VELVETFRUIT_EXTRACT;XIRECS;5258.0;7;0
764400;;;HYDROGEL_PACK;XIRECS;9994.0;5;0
765200;;;VEV_4000;XIRECS;1271.0;3;0
769300;;;VEV_5400;XIRECS;18.0;5;0
769300;;;VEV_5500;XIRECS;9.0;5;0
769300;;;VEV_6000;XIRECS;0.0;5;0
769300;;;VEV_6500;XIRECS;0.0;5;0
769500;;;HYDROGEL_PACK;XIRECS;10022.0;3;0
770000;;;VELVETFRUIT_EXTRACT;XIRECS;5265.0;3;0
772300;;;VELVETFRUIT_EXTRACT;XIRECS;5259.0;10;0
773400;;;HYDROGEL_PACK;XIRECS;10005.0;6;0
774500;;;VELVETFRUIT_EXTRACT;XIRECS;5264.0;8;0
775200;;;VELVETFRUIT_EXTRACT;XIRECS;5257.0;3;0
776900;;;HYDROGEL_PACK;XIRECS;9999.0;4;0
777400;;;VELVETFRUIT_EXTRACT;XIRECS;5255.0;4;0
778400;;;HYDROGEL_PACK;XIRECS;9999.0;6;0
778700;;;HYDROGEL_PACK;XIRECS;10011.0;4;0
779000;;;HYDROGEL_PACK;XIRECS;10010.0;4;0
779600;;;VEV_5400;XIRECS;17.0;4;0
779600;;;VEV_5500;XIRECS;8.0;4;0
779600;;;VEV_6000;XIRECS;0.0;4;0
779600;;;VEV_6500;XIRECS;0.0;4;0
780100;;;HYDROGEL_PACK;XIRECS;10020.0;4;0
780900;;;VEV_4000;XIRECS;1258.0;2;0
781500;;;VELVETFRUIT_EXTRACT;XIRECS;5247.0;7;0
783500;;;VELVETFRUIT_EXTRACT;XIRECS;5249.0;7;0
784600;;;VELVETFRUIT_EXTRACT;XIRECS;5244.0;8;0
785300;;;HYDROGEL_PACK;XIRECS;9985.0;6;0
787300;;;VEV_4000;XIRECS;1237.0;3;0
791300;;;VEV_5400;XIRECS;15.0;3;0
791300;;;VEV_5500;XIRECS;7.0;3;0
791300;;;VEV_6000;XIRECS;0.0;3;0
791300;;;VEV_6500;XIRECS;0.0;3;0
792300;;;VELVETFRUIT_EXTRACT;XIRECS;5239.0;5;0
793000;;;VELVETFRUIT_EXTRACT;XIRECS;5247.0;6;0
793800;;;HYDROGEL_PACK;XIRECS;10013.0;4;0
793900;;;VELVETFRUIT_EXTRACT;XIRECS;5241.0;6;0
794900;;;HYDROGEL_PACK;XIRECS;9991.0;4;0
795700;;;HYDROGEL_PACK;XIRECS;9982.0;4;0
796800;;;VELVETFRUIT_EXTRACT;XIRECS;5242.0;7;0
797900;;;VELVETFRUIT_EXTRACT;XIRECS;5241.0;5;0
798400;;;VELVETFRUIT_EXTRACT;XIRECS;5246.0;5;0
799200;;;HYDROGEL_PACK;XIRECS;10005.0;6;0
799800;;;VELVETFRUIT_EXTRACT;XIRECS;5245.0;6;0
800600;;;VELVETFRUIT_EXTRACT;XIRECS;5247.0;4;0
802300;;;VEV_4000;XIRECS;1261.0;2;0
802300;;;HYDROGEL_PACK;XIRECS;9984.0;2;0
802400;;;HYDROGEL_PACK;XIRECS;9997.0;6;0
804800;;;HYDROGEL_PACK;XIRECS;9980.0;4;0
805000;;;HYDROGEL_PACK;XIRECS;9998.0;5;0
805900;;;HYDROGEL_PACK;XIRECS;9977.0;3;0
806000;;;HYDROGEL_PACK;XIRECS;9993.0;5;0
806200;;;HYDROGEL_PACK;XIRECS;9975.0;4;0
807100;;;VELVETFRUIT_EXTRACT;XIRECS;5244.0;8;0
808600;;;VEV_4000;XIRECS;1252.0;1;0
809500;;;VELVETFRUIT_EXTRACT;XIRECS;5242.0;5;0
810000;;;VEV_6000;XIRECS;0.0;5;0
810000;;;VEV_6500;XIRECS;0.0;5;0
810000;;;VEV_5300;XIRECS;47.0;5;0
810000;;;VEV_5400;XIRECS;15.0;5;0
810200;;;HYDROGEL_PACK;XIRECS;9969.0;5;0
810600;;;VELVETFRUIT_EXTRACT;XIRECS;5247.0;4;0
812700;;;VELVETFRUIT_EXTRACT;XIRECS;5250.0;7;0
815500;;;VELVETFRUIT_EXTRACT;XIRECS;5249.0;7;0
816900;;;VELVETFRUIT_EXTRACT;XIRECS;5255.0;5;0
818500;;;VELVETFRUIT_EXTRACT;XIRECS;5256.0;3;0
819500;;;VELVETFRUIT_EXTRACT;XIRECS;5250.0;14;0
819800;;;VEV_4000;XIRECS;1266.0;2;0
821700;;;VELVETFRUIT_EXTRACT;XIRECS;5256.0;8;0
822000;;;VELVETFRUIT_EXTRACT;XIRECS;5253.0;8;0
822400;;;VELVETFRUIT_EXTRACT;XIRECS;5250.0;8;0
822700;;;VELVETFRUIT_EXTRACT;XIRECS;5255.0;10;0
824000;;;HYDROGEL_PACK;XIRECS;9985.0;6;0
824700;;;VELVETFRUIT_EXTRACT;XIRECS;5249.0;8;0
825200;;;VELVETFRUIT_EXTRACT;XIRECS;5244.0;3;0
825600;;;HYDROGEL_PACK;XIRECS;9987.0;5;0
827000;;;VELVETFRUIT_EXTRACT;XIRECS;5257.0;8;0
829700;;;VEV_4000;XIRECS;1272.0;2;0
830800;;;VEV_4000;XIRECS;1269.0;3;0
830900;;;VELVETFRUIT_EXTRACT;XIRECS;5254.0;7;0
831400;;;VELVETFRUIT_EXTRACT;XIRECS;5258.0;8;0
831800;;;VEV_4000;XIRECS;1266.0;2;0
832500;;;VELVETFRUIT_EXTRACT;XIRECS;5255.0;14;0
832700;;;HYDROGEL_PACK;XIRECS;9995.0;2;0
832900;;;HYDROGEL_PACK;XIRECS;9991.0;5;0
835500;;;VEV_5300;XIRECS;50.0;5;0
835500;;;VEV_5400;XIRECS;17.0;5;0
835500;;;VEV_5500;XIRECS;8.0;5;0
835500;;;VEV_6000;XIRECS;0.0;5;0
835500;;;VEV_6500;XIRECS;0.0;5;0
836300;;;VELVETFRUIT_EXTRACT;XIRECS;5252.0;7;0
838200;;;VELVETFRUIT_EXTRACT;XIRECS;5259.0;6;0
838500;;;VELVETFRUIT_EXTRACT;XIRECS;5255.0;5;0
838800;;;VELVETFRUIT_EXTRACT;XIRECS;5259.0;5;0
840700;;;VELVETFRUIT_EXTRACT;XIRECS;5260.0;13;0
841500;;;HYDROGEL_PACK;XIRECS;9983.0;2;0
841600;;;VEV_4000;XIRECS;1246.0;3;0
841900;;;VELVETFRUIT_EXTRACT;XIRECS;5259.0;3;0
842800;;;VELVETFRUIT_EXTRACT;XIRECS;5256.0;8;0
842900;;;VEV_6500;XIRECS;0.0;5;0
842900;;;VEV_6000;XIRECS;0.0;5;0
842900;;;VEV_5500;XIRECS;8.0;5;0
842900;;;VEV_5400;XIRECS;17.0;5;0
842900;;;VEV_5300;XIRECS;50.0;5;0
843000;;;HYDROGEL_PACK;XIRECS;10016.0;3;0
844000;;;VELVETFRUIT_EXTRACT;XIRECS;5254.0;7;0
844600;;;HYDROGEL_PACK;XIRECS;10006.0;4;0
845100;;;VEV_5500;XIRECS;8.0;5;0
845100;;;VEV_6000;XIRECS;0.0;5;0
845100;;;VEV_6500;XIRECS;0.0;5;0
847900;;;VEV_4000;XIRECS;1248.0;3;0
850400;;;HYDROGEL_PACK;XIRECS;10014.0;6;0
851700;;;VELVETFRUIT_EXTRACT;XIRECS;5252.0;4;0
852400;;;HYDROGEL_PACK;XIRECS;9998.0;2;0
852600;;;VEV_4000;XIRECS;1243.0;1;0
853800;;;VEV_4000;XIRECS;1265.0;1;0
856600;;;VELVETFRUIT_EXTRACT;XIRECS;5257.0;10;0
859100;;;HYDROGEL_PACK;XIRECS;10011.0;6;0
859100;;;VEV_5300;XIRECS;49.0;2;0
859100;;;VEV_5400;XIRECS;17.0;2;0
859100;;;VEV_5500;XIRECS;8.0;2;0
859100;;;VEV_6000;XIRECS;0.0;2;0
859100;;;VEV_6500;XIRECS;0.0;2;0
859300;;;VEV_6500;XIRECS;0.0;2;0
859300;;;VEV_6000;XIRECS;0.0;2;0
859300;;;VEV_5300;XIRECS;50.0;2;0
859300;;;VEV_5400;XIRECS;18.0;2;0
859300;;;VEV_5500;XIRECS;8.0;2;0
859700;;;HYDROGEL_PACK;XIRECS;10006.0;4;0
860500;;;HYDROGEL_PACK;XIRECS;10016.0;4;0
861800;;;VELVETFRUIT_EXTRACT;XIRECS;5256.0;3;0
862100;;;HYDROGEL_PACK;XIRECS;9999.0;5;0
862100;;;VEV_4000;XIRECS;1261.0;3;0
862500;;;VEV_6500;XIRECS;0.0;2;0
862500;;;VEV_6000;XIRECS;0.0;2;0
862500;;;VEV_5400;XIRECS;17.0;2;0
862500;;;VEV_5500;XIRECS;7.0;2;0
863700;;;VELVETFRUIT_EXTRACT;XIRECS;5255.0;5;0
864800;;;HYDROGEL_PACK;XIRECS;10000.0;6;0
864800;;;VEV_4000;XIRECS;1258.0;3;0
864900;;;VELVETFRUIT_EXTRACT;XIRECS;5251.0;7;0
866200;;;VELVETFRUIT_EXTRACT;XIRECS;5255.0;3;0
867200;;;HYDROGEL_PACK;XIRECS;10020.0;3;0
868000;;;HYDROGEL_PACK;XIRECS;10004.0;3;0
868200;;;HYDROGEL_PACK;XIRECS;10007.0;2;0
869000;;;VELVETFRUIT_EXTRACT;XIRECS;5265.0;5;0
869500;;;VEV_4000;XIRECS;1259.0;1;0
870200;;;VELVETFRUIT_EXTRACT;XIRECS;5271.0;6;0
870200;;;VEV_4000;XIRECS;1279.0;3;0
871100;;;VELVETFRUIT_EXTRACT;XIRECS;5270.0;4;0
871200;;;VELVETFRUIT_EXTRACT;XIRECS;5264.0;9;0
873100;;;HYDROGEL_PACK;XIRECS;10012.0;3;0
873700;;;VEV_5500;XIRECS;9.0;4;0
873700;;;VEV_6000;XIRECS;0.0;4;0
873700;;;VEV_6500;XIRECS;0.0;4;0
874800;;;HYDROGEL_PACK;XIRECS;9990.0;4;0
875600;;;VEV_4000;XIRECS;1268.0;1;0
876100;;;HYDROGEL_PACK;XIRECS;9989.0;6;0
878600;;;VELVETFRUIT_EXTRACT;XIRECS;5260.0;5;0
880800;;;VELVETFRUIT_EXTRACT;XIRECS;5258.0;5;0
882600;;;VELVETFRUIT_EXTRACT;XIRECS;5251.0;10;0
882800;;;VELVETFRUIT_EXTRACT;XIRECS;5248.0;8;0
883900;;;HYDROGEL_PACK;XIRECS;10015.0;3;0
884000;;;VEV_5400;XIRECS;17.0;5;0
884000;;;VEV_5500;XIRECS;8.0;5;0
884000;;;VEV_6000;XIRECS;0.0;5;0
884000;;;VEV_6500;XIRECS;0.0;5;0
884500;;;HYDROGEL_PACK;XIRECS;10017.0;2;0
885300;;;HYDROGEL_PACK;XIRECS;10019.0;5;0
885400;;;VEV_4000;XIRECS;1263.0;1;0
885800;;;VELVETFRUIT_EXTRACT;XIRECS;5250.0;5;0
886200;;;HYDROGEL_PACK;XIRECS;10039.0;5;0
886700;;;VELVETFRUIT_EXTRACT;XIRECS;5252.0;6;0
886700;;;VEV_4000;XIRECS;1242.0;2;0
889300;;;HYDROGEL_PACK;XIRECS;10048.0;3;0
890900;;;VEV_4000;XIRECS;1264.0;3;0
891000;;;VEV_4000;XIRECS;1265.0;1;0
891400;;;VELVETFRUIT_EXTRACT;XIRECS;5255.0;6;0
891500;;;VEV_4000;XIRECS;1248.0;3;0
893500;;;VELVETFRUIT_EXTRACT;XIRECS;5254.0;3;0
893800;;;VELVETFRUIT_EXTRACT;XIRECS;5253.0;5;0
895100;;;VELVETFRUIT_EXTRACT;XIRECS;5255.0;5;0
895800;;;VEV_6000;XIRECS;0.0;3;0
895800;;;VEV_6500;XIRECS;0.0;3;0
898300;;;VELVETFRUIT_EXTRACT;XIRECS;5259.0;8;0
898800;;;HYDROGEL_PACK;XIRECS;10002.0;5;0
899800;;;VEV_4000;XIRECS;1248.0;3;0
904700;;;VELVETFRUIT_EXTRACT;XIRECS;5239.0;7;0
908000;;;HYDROGEL_PACK;XIRECS;9980.0;4;0
908800;;;VELVETFRUIT_EXTRACT;XIRECS;5243.0;7;0
909100;;;VELVETFRUIT_EXTRACT;XIRECS;5243.0;3;0
910400;;;VELVETFRUIT_EXTRACT;XIRECS;5247.0;5;0
910900;;;HYDROGEL_PACK;XIRECS;9973.0;5;0
912300;;;HYDROGEL_PACK;XIRECS;9975.0;2;0
912400;;;VEV_5300;XIRECS;52.0;4;0
912400;;;VEV_6000;XIRECS;0.0;4;0
912400;;;VEV_6500;XIRECS;0.0;4;0
912800;;;VELVETFRUIT_EXTRACT;XIRECS;5259.0;5;0
913400;;;VELVETFRUIT_EXTRACT;XIRECS;5267.0;5;0
913800;;;VELVETFRUIT_EXTRACT;XIRECS;5260.0;7;0
914400;;;VELVETFRUIT_EXTRACT;XIRECS;5256.0;7;0
914600;;;VEV_4000;XIRECS;1249.0;2;0
915000;;;VELVETFRUIT_EXTRACT;XIRECS;5257.0;7;0
916300;;;VELVETFRUIT_EXTRACT;XIRECS;5259.0;6;0
916900;;;VEV_4000;XIRECS;1246.0;1;0
917000;;;HYDROGEL_PACK;XIRECS;9959.0;3;0
917000;;;VELVETFRUIT_EXTRACT;XIRECS;5259.0;4;0
918600;;;HYDROGEL_PACK;XIRECS;9962.0;5;0
919500;;;VEV_6000;XIRECS;0.0;4;0
919500;;;VEV_6500;XIRECS;0.0;4;0
919500;;;VEV_5400;XIRECS;18.0;4;0
919500;;;VEV_5500;XIRECS;8.0;4;0
920500;;;VELVETFRUIT_EXTRACT;XIRECS;5255.0;8;0
920600;;;VELVETFRUIT_EXTRACT;XIRECS;5254.0;7;0
920900;;;HYDROGEL_PACK;XIRECS;9987.0;6;0
922000;;;VELVETFRUIT_EXTRACT;XIRECS;5260.0;6;0
922400;;;HYDROGEL_PACK;XIRECS;9971.0;6;0
923100;;;HYDROGEL_PACK;XIRECS;9995.0;5;0
923400;;;VEV_4000;XIRECS;1258.0;3;0
924000;;;HYDROGEL_PACK;XIRECS;9989.0;6;0
924900;;;HYDROGEL_PACK;XIRECS;9997.0;6;0
925100;;;VELVETFRUIT_EXTRACT;XIRECS;5279.0;4;0
925200;;;VELVETFRUIT_EXTRACT;XIRECS;5279.0;4;0
925600;;;VELVETFRUIT_EXTRACT;XIRECS;5273.0;6;0
925800;;;VEV_4000;XIRECS;1284.0;3;0
928400;;;HYDROGEL_PACK;XIRECS;10008.0;6;0
928800;;;VELVETFRUIT_EXTRACT;XIRECS;5273.0;5;0
930100;;;VEV_4000;XIRECS;1281.0;2;0
930900;;;VELVETFRUIT_EXTRACT;XIRECS;5264.0;6;0
932300;;;VEV_4000;XIRECS;1256.0;2;0
932600;;;VELVETFRUIT_EXTRACT;XIRECS;5262.0;8;0
932900;;;HYDROGEL_PACK;XIRECS;9994.0;3;0
933200;;;VELVETFRUIT_EXTRACT;XIRECS;5266.0;4;0
934000;;;VEV_4000;XIRECS;1251.0;2;0
935100;;;VELVETFRUIT_EXTRACT;XIRECS;5259.0;4;0
936200;;;VELVETFRUIT_EXTRACT;XIRECS;5257.0;7;0
937400;;;VELVETFRUIT_EXTRACT;XIRECS;5265.0;3;0
937600;;;VELVETFRUIT_EXTRACT;XIRECS;5258.0;3;0
937800;;;VEV_4000;XIRECS;1248.0;1;0
938300;;;VELVETFRUIT_EXTRACT;XIRECS;5254.0;4;0
938600;;;VELVETFRUIT_EXTRACT;XIRECS;5254.0;6;0
939100;;;HYDROGEL_PACK;XIRECS;9994.0;5;0
939400;;;VELVETFRUIT_EXTRACT;XIRECS;5255.0;8;0
940000;;;VEV_4000;XIRECS;1264.0;1;0
940700;;;HYDROGEL_PACK;XIRECS;10008.0;3;0
941200;;;VEV_5400;XIRECS;17.0;2;0
941200;;;VEV_6000;XIRECS;0.0;2;0
941200;;;VEV_6500;XIRECS;0.0;2;0
941400;;;VEV_4000;XIRECS;1261.0;2;0
942000;;;HYDROGEL_PACK;XIRECS;10010.0;2;0
943300;;;HYDROGEL_PACK;XIRECS;9997.0;3;0
944100;;;HYDROGEL_PACK;XIRECS;9998.0;4;0
945000;;;VEV_4000;XIRECS;1236.0;2;0
946400;;;VEV_4000;XIRECS;1255.0;2;0
946600;;;VEV_6500;XIRECS;0.0;4;0
946600;;;VEV_6000;XIRECS;0.0;4;0
946600;;;VEV_5500;XIRECS;7.0;4;0
946600;;;VEV_5300;XIRECS;45.0;4;0
947500;;;VELVETFRUIT_EXTRACT;XIRECS;5242.0;8;0
947800;;;VEV_5200;XIRECS;95.0;5;0
947800;;;VEV_5400;XIRECS;16.0;5;0
947800;;;VEV_5500;XIRECS;7.0;5;0
947800;;;VEV_6000;XIRECS;0.0;5;0
947800;;;VEV_6500;XIRECS;0.0;5;0
948900;;;VEV_6500;XIRECS;0.0;3;0
948900;;;VEV_6000;XIRECS;0.0;3;0
948900;;;VEV_5400;XIRECS;16.0;3;0
948900;;;VEV_5500;XIRECS;7.0;3;0
949500;;;VELVETFRUIT_EXTRACT;XIRECS;5246.0;6;0
949600;;;HYDROGEL_PACK;XIRECS;10015.0;4;0
950000;;;VEV_5300;XIRECS;44.0;4;0
950000;;;VEV_5400;XIRECS;15.0;4;0
950000;;;VEV_6000;XIRECS;0.0;4;0
950000;;;VEV_6500;XIRECS;0.0;4;0
950300;;;HYDROGEL_PACK;XIRECS;9998.0;3;0
950600;;;HYDROGEL_PACK;XIRECS;10021.0;4;0
951600;;;VELVETFRUIT_EXTRACT;XIRECS;5236.0;5;0
951800;;;HYDROGEL_PACK;XIRECS;10005.0;5;0
952000;;;VELVETFRUIT_EXTRACT;XIRECS;5242.0;7;0
952800;;;VEV_4000;XIRECS;1230.0;1;0
954600;;;VELVETFRUIT_EXTRACT;XIRECS;5235.0;3;0
955100;;;VELVETFRUIT_EXTRACT;XIRECS;5226.0;8;0
957000;;;HYDROGEL_PACK;XIRECS;10014.0;3;0
958900;;;VELVETFRUIT_EXTRACT;XIRECS;5228.0;7;0
960600;;;VELVETFRUIT_EXTRACT;XIRECS;5231.0;5;0
961200;;;VELVETFRUIT_EXTRACT;XIRECS;5230.0;8;0
963500;;;VELVETFRUIT_EXTRACT;XIRECS;5236.0;3;0
965600;;;VELVETFRUIT_EXTRACT;XIRECS;5238.0;8;0
968200;;;VELVETFRUIT_EXTRACT;XIRECS;5232.0;6;0
969800;;;VELVETFRUIT_EXTRACT;XIRECS;5232.0;8;0
971300;;;VELVETFRUIT_EXTRACT;XIRECS;5229.0;3;0
971600;;;VELVETFRUIT_EXTRACT;XIRECS;5225.0;7;0
973400;;;HYDROGEL_PACK;XIRECS;10033.0;4;0
975800;;;HYDROGEL_PACK;XIRECS;10027.0;5;0
976600;;;VELVETFRUIT_EXTRACT;XIRECS;5231.0;7;0
976800;;;HYDROGEL_PACK;XIRECS;10023.0;6;0
977200;;;HYDROGEL_PACK;XIRECS;10021.0;5;0
978300;;;VELVETFRUIT_EXTRACT;XIRECS;5241.0;5;0
980400;;;VELVETFRUIT_EXTRACT;XIRECS;5239.0;8;0
980400;;;HYDROGEL_PACK;XIRECS;9996.0;2;0
983900;;;VEV_4000;XIRECS;1253.0;3;0
984900;;;VELVETFRUIT_EXTRACT;XIRECS;5239.0;4;0
985800;;;VELVETFRUIT_EXTRACT;XIRECS;5239.0;5;0
986900;;;VELVETFRUIT_EXTRACT;XIRECS;5250.0;8;0
989200;;;VELVETFRUIT_EXTRACT;XIRECS;5247.0;8;0
989700;;;VEV_4000;XIRECS;1234.0;2;0
989900;;;VELVETFRUIT_EXTRACT;XIRECS;5241.0;4;0
990100;;;VEV_4000;XIRECS;1254.0;2;0
990400;;;HYDROGEL_PACK;XIRECS;9988.0;4;0
991100;;;VELVETFRUIT_EXTRACT;XIRECS;5244.0;13;0
994300;;;VEV_6500;XIRECS;0.0;3;0
994300;;;VEV_6000;XIRECS;0.0;3;0
994300;;;VEV_5300;XIRECS;46.0;3;0
994300;;;VEV_5400;XIRECS;16.0;3;0
994300;;;VEV_5500;XIRECS;7.0;3;0
997000;;;HYDROGEL_PACK;XIRECS;9977.0;5;0
997200;;;VEV_4000;XIRECS;1255.0;3;0
997900;;;VEV_4000;XIRECS;1255.0;2;0
999000;;;VEV_4000;XIRECS;1253.0;1;0
999900;;;HYDROGEL_PACK;XIRECS;9966.0;5;0
1004500;Mark 01;Mark 22;VEV_6500;XIRECS;0.0;2;1
1004500;Mark 01;Mark 22;VEV_6000;XIRECS;0.0;2;1
1004500;Mark 01;Mark 22;VEV_5500;XIRECS;8.0;2;1
1004500;Mark 01;Mark 22;VEV_5400;XIRECS;18.0;2;1
1005100;Mark 38;Mark 22;HYDROGEL_PACK;XIRECS;9960.0;4;1
1005300;Mark 38;Mark 14;VEV_4000;XIRECS;1264.0;2;1
1006100;Mark 55;Mark 01;VELVETFRUIT_EXTRACT;XIRECS;5255.0;3;1
1006200;Mark 38;Mark 14;HYDROGEL_PACK;XIRECS;9955.0;5;1
1009400;Mark 55;Mark 49;VELVETFRUIT_EXTRACT;XIRECS;5244.0;8;1
1009600;Mark 01;Mark 22;VEV_6500;XIRECS;0.0;4;1
1009600;Mark 01;Mark 22;VEV_6000;XIRECS;0.0;4;1
1009600;Mark 01;Mark 22;VEV_5400;XIRECS;16.0;4;1
1009600;Mark 01;Mark 22;VEV_5500;XIRECS;7.0;4;1
1010400;Mark 67;Mark 49;VELVETFRUIT_EXTRACT;XIRECS;5240.0;12;1
1011800;Mark 01;Mark 22;VEV_5500;XIRECS;7.0;4;1
1011800;Mark 01;Mark 22;VEV_6000;XIRECS;0.0;4;1
1011800;Mark 01;Mark 22;VEV_6500;XIRECS;0.0;4;1
1014300;Mark 55;Mark 01;VELVETFRUIT_EXTRACT;XIRECS;5238.0;6;1
1014800;Mark 01;Mark 22;VEV_6000;XIRECS;0.0;4;1
1014800;Mark 01;Mark 22;VEV_5500;XIRECS;6.0;4;1
1014800;Mark 01;Mark 22;VEV_6500;XIRECS;0.0;4;1
1014800;Mark 01;Mark 22;VEV_5300;XIRECS;42.0;4;1
1014800;Mark 01;Mark 55;VELVETFRUIT_EXTRACT;XIRECS;5232.0;6;1
1014800;Mark 01;Mark 22;VEV_5400;XIRECS;14.0;4;1
1015000;Mark 38;Mark 14;HYDROGEL_PACK;XIRECS;9966.0;4;1
1016700;Mark 14;Mark 38;VEV_4000;XIRECS;1221.0;2;1
1016700;Mark 01;Mark 22;VEV_5300;XIRECS;41.0;2;1
1016700;Mark 01;Mark 22;VEV_5400;XIRECS;14.0;2;1
1016700;Mark 01;Mark 22;VEV_5500;XIRECS;6.0;2;1
1016700;Mark 01;Mark 22;VEV_6000;XIRECS;0.0;2;1
1016700;Mark 01;Mark 22;VEV_6500;XIRECS;0.0;2;1
1017300;Mark 14;Mark 38;VEV_4000;XIRECS;1221.0;1;1
1017400;Mark 67;Mark 22;VELVETFRUIT_EXTRACT;XIRECS;5230.0;8;1
1017900;Mark 38;Mark 14;VEV_4000;XIRECS;1243.0;1;1
1019300;Mark 14;Mark 55;VELVETFRUIT_EXTRACT;XIRECS;5226.0;5;1
1020200;Mark 14;Mark 55;VELVETFRUIT_EXTRACT;XIRECS;5224.0;5;1
1022800;Mark 14;Mark 38;HYDROGEL_PACK;XIRECS;9946.0;6;1
1025700;Mark 38;Mark 14;VEV_4000;XIRECS;1241.0;3;1
1029300;Mark 14;Mark 55;VELVETFRUIT_EXTRACT;XIRECS;5237.0;4;1
1030800;Mark 14;Mark 38;HYDROGEL_PACK;XIRECS;9940.0;2;1
1031400;Mark 38;Mark 14;HYDROGEL_PACK;XIRECS;9953.0;3;1
1031700;Mark 55;Mark 01;VELVETFRUIT_EXTRACT;XIRECS;5237.0;4;1
1032000;Mark 14;Mark 38;HYDROGEL_PACK;XIRECS;9938.0;5;1
1032600;Mark 55;Mark 01;VELVETFRUIT_EXTRACT;XIRECS;5240.0;5;1
1032800;Mark 67;Mark 22;VELVETFRUIT_EXTRACT;XIRECS;5238.0;7;1
1033600;Mark 14;Mark 38;HYDROGEL_PACK;XIRECS;9948.0;6;1
1036200;Mark 38;Mark 14;VEV_4000;XIRECS;1244.0;3;1
1036500;Mark 22;Mark 55;VELVETFRUIT_EXTRACT;XIRECS;5232.0;7;1
1037400;Mark 14;Mark 38;HYDROGEL_PACK;XIRECS;9936.0;4;1
1038500;Mark 01;Mark 22;VEV_5500;XIRECS;6.0;5;1
1038500;Mark 01;Mark 22;VEV_6000;XIRECS;0.0;5;1
1038500;Mark 01;Mark 22;VEV_6500;XIRECS;0.0;5;1
1038700;Mark 01;Mark 55;VELVETFRUIT_EXTRACT;XIRECS;5228.0;8;1
1039400;Mark 22;Mark 49;VELVETFRUIT_EXTRACT;XIRECS;5234.0;5;1
1039400;Mark 67;Mark 49;VELVETFRUIT_EXTRACT;XIRECS;5233.0;9;1
1039800;Mark 01;Mark 55;VELVETFRUIT_EXTRACT;XIRECS;5232.0;4;1
1040400;Mark 01;Mark 22;VEV_6500;XIRECS;0.0;4;1
1040400;Mark 01;Mark 22;VEV_6000;XIRECS;0.0;4;1
1040400;Mark 01;Mark 22;VEV_5300;XIRECS;41.0;4;1
1040400;Mark 01;Mark 22;VEV_5400;XIRECS;14.0;4;1
1040400;Mark 01;Mark 22;VEV_5500;XIRECS;6.0;4;1
1040900;Mark 38;Mark 14;HYDROGEL_PACK;XIRECS;9951.0;5;1
1041300;Mark 38;Mark 14;HYDROGEL_PACK;XIRECS;9953.0;5;1
1043400;Mark 01;Mark 22;VEV_6000;XIRECS;0.0;5;1
1043400;Mark 01;Mark 22;VEV_5400;XIRECS;13.0;5;1
1043400;Mark 01;Mark 22;VEV_5500;XIRECS;6.0;5;1
1043400;Mark 01;Mark 22;VEV_6500;XIRECS;0.0;5;1
1043600;Mark 01;Mark 55;VELVETFRUIT_EXTRACT;XIRECS;5229.0;4;1
1043900;Mark 14;Mark 38;HYDROGEL_PACK;XIRECS;9952.0;6;1
1045200;Mark 14;Mark 38;HYDROGEL_PACK;XIRECS;9961.0;2;1
1045400;Mark 67;Mark 22;VELVETFRUIT_EXTRACT;XIRECS;5241.0;8;1
1047700;Mark 01;Mark 55;VELVETFRUIT_EXTRACT;XIRECS;5243.0;4;1
1048300;Mark 14;Mark 38;HYDROGEL_PACK;XIRECS;9960.0;3;1
1048900;Mark 01;Mark 55;VELVETFRUIT_EXTRACT;XIRECS;5241.0;6;1
1049800;Mark 01;Mark 55;VELVETFRUIT_EXTRACT;XIRECS;5244.0;3;1
1050200;Mark 14;Mark 38;VEV_4000;XIRECS;1236.0;2;1
1050300;Mark 38;Mark 14;VEV_4000;XIRECS;1257.0;3;1
1050700;Mark 01;Mark 22;VEV_6500;XIRECS;0.0;5;1
1050700;Mark 01;Mark 22;VEV_6000;XIRECS;0.0;5;1
1050700;Mark 01;Mark 22;VEV_5500;XIRECS;7.0;5;1
1050700;Mark 01;Mark 22;VEV_5400;XIRECS;16.0;5;1
1051700;Mark 14;Mark 55;VELVETFRUIT_EXTRACT;XIRECS;5243.0;4;1
1052400;Mark 14;Mark 38;HYDROGEL_PACK;XIRECS;9961.0;5;1
1052800;Mark 01;Mark 22;VEV_5400;XIRECS;16.0;3;1
1052800;Mark 01;Mark 22;VEV_5500;XIRECS;7.0;3;1
1052800;Mark 01;Mark 22;VEV_6000;XIRECS;0.0;3;1
1052800;Mark 01;Mark 22;VEV_6500;XIRECS;0.0;3;1
1053000;Mark 14;Mark 38;HYDROGEL_PACK;XIRECS;9961.0;4;1
1053400;Mark 01;Mark 22;VEV_6500;XIRECS;0.0;2;1
1053400;Mark 14;Mark 22;VEV_5500;XIRECS;7.0;2;1
1053400;Mark 01;Mark 22;VEV_6000;XIRECS;0.0;2;1
1053800;Mark 38;Mark 14;VEV_4000;XIRECS;1255.0;2;1
1054400;Mark 14;Mark 38;VEV_4000;XIRECS;1234.0;3;1
1057600;Mark 38;Mark 14;VEV_4000;XIRECS;1257.0;3;1
1059300;Mark 14;Mark 38;HYDROGEL_PACK;XIRECS;9949.0;4;1
1059600;Mark 14;Mark 55;VELVETFRUIT_EXTRACT;XIRECS;5244.0;4;1
1060300;Mark 14;Mark 55;VELVETFRUIT_EXTRACT;XIRECS;5245.0;5;1
1061100;Mark 38;Mark 14;HYDROGEL_PACK;XIRECS;9961.0;2;1
1061400;Mark 38;Mark 14;HYDROGEL_PACK;XIRECS;9962.0;2;1
1062100;Mark 14;Mark 55;VELVETFRUIT_EXTRACT;XIRECS;5243.0;6;1
1062600;Mark 38;Mark 14;VEV_4000;XIRECS;1254.0;1;1
1063100;Mark 38;Mark 14;VEV_4000;XIRECS;1252.0;3;1
1063200;Mark 38;Mark 14;HYDROGEL_PACK;XIRECS;9950.0;5;1
1063200;Mark 14;Mark 55;VELVETFRUIT_EXTRACT;XIRECS;5240.0;8;1
1064200;Mark 55;Mark 14;VELVETFRUIT_EXTRACT;XIRECS;5245.0;6;1
1064300;Mark 14;Mark 38;HYDROGEL_PACK;XIRECS;9933.0;4;1
1065400;Mark 14;Mark 38;HYDROGEL_PACK;XIRECS;9930.0;4;1
1065700;Mark 14;Mark 55;VELVETFRUIT_EXTRACT;XIRECS;5240.0;8;1
1065900;Mark 14;Mark 38;HYDROGEL_PACK;XIRECS;9935.0;2;1
1067700;Mark 55;Mark 14;VELVETFRUIT_EXTRACT;XIRECS;5250.0;4;1
1068000;Mark 38;Mark 14;VEV_4000;XIRECS;1258.0;2;1
1069500;Mark 14;Mark 38;HYDROGEL_PACK;XIRECS;9952.0;2;1
1070500;Mark 14;Mark 38;VEV_4000;XIRECS;1232.0;1;1
1073400;Mark 22;Mark 49;VELVETFRUIT_EXTRACT;XIRECS;5237.0;8;1
1073400;Mark 55;Mark 49;VELVETFRUIT_EXTRACT;XIRECS;5236.0;6;1
1073500;Mark 14;Mark 38;HYDROGEL_PACK;XIRECS;9966.0;3;1
1074100;Mark 01;Mark 22;VEV_5300;XIRECS;42.0;3;1
1074100;Mark 01;Mark 22;VEV_5400;XIRECS;14.0;3;1
1074100;Mark 01;Mark 22;VEV_5500;XIRECS;6.0;3;1
1074100;Mark 01;Mark 22;VEV_6000;XIRECS;0.0;3;1
1074100;Mark 01;Mark 22;VEV_6500;XIRECS;0.0;3;1
1074300;Mark 55;Mark 14;VELVETFRUIT_EXTRACT;XIRECS;5238.0;6;1
1074400;Mark 14;Mark 55;VELVETFRUIT_EXTRACT;XIRECS;5235.0;4;1
1076600;Mark 38;Mark 14;HYDROGEL_PACK;XIRECS;9995.0;3;1
1077300;Mark 55;Mark 14;VELVETFRUIT_EXTRACT;XIRECS;5241.0;8;1
1078300;Mark 14;Mark 38;VEV_4000;XIRECS;1229.0;3;1
1078400;Mark 67;Mark 22;VELVETFRUIT_EXTRACT;XIRECS;5238.0;7;1
1078500;Mark 38;Mark 14;HYDROGEL_PACK;XIRECS;10000.0;4;1
1079000;Mark 14;Mark 38;HYDROGEL_PACK;XIRECS;9982.0;3;1
1079800;Mark 38;Mark 14;HYDROGEL_PACK;XIRECS;9994.0;6;1
1081300;Mark 14;Mark 38;HYDROGEL_PACK;XIRECS;9970.0;6;1
1081700;Mark 38;Mark 14;HYDROGEL_PACK;XIRECS;9980.0;3;1
1081900;Mark 38;Mark 14;HYDROGEL_PACK;XIRECS;9978.0;2;1
1082300;Mark 38;Mark 14;HYDROGEL_PACK;XIRECS;9977.0;3;1
1082300;Mark 01;Mark 55;VELVETFRUIT_EXTRACT;XIRECS;5235.0;3;1
1083200;Mark 55;Mark 01;VELVETFRUIT_EXTRACT;XIRECS;5237.0;7;1
1084300;Mark 38;Mark 14;VEV_4000;XIRECS;1243.0;1;1
1084600;Mark 67;Mark 22;VELVETFRUIT_EXTRACT;XIRECS;5233.0;8;1
1085300;Mark 14;Mark 22;VEV_5300;XIRECS;42.0;2;1
1085300;Mark 01;Mark 22;VEV_5400;XIRECS;14.0;2;1
1085300;Mark 01;Mark 22;VEV_5500;XIRECS;6.0;2;1
1085300;Mark 01;Mark 22;VEV_6000;XIRECS;0.0;2;1
1085300;Mark 01;Mark 22;VEV_6500;XIRECS;0.0;2;1
1086100;Mark 01;Mark 22;VEV_6500;XIRECS;0.0;5;1
1086100;Mark 01;Mark 22;VEV_6000;XIRECS;0.0;5;1
1086100;Mark 01;Mark 22;VEV_5400;XIRECS;14.0;5;1
1086100;Mark 01;Mark 22;VEV_5500;XIRECS;6.0;5;1
1087900;Mark 14;Mark 55;VELVETFRUIT_EXTRACT;XIRECS;5239.0;3;1
1088500;Mark 67;Mark 22;VELVETFRUIT_EXTRACT;XIRECS;5242.0;6;1
1089300;Mark 14;Mark 38;VEV_4000;XIRECS;1232.0;3;1
1089800;Mark 01;Mark 22;VEV_6000;XIRECS;0.0;4;1
1089800;Mark 01;Mark 22;VEV_5300;XIRECS;45.0;4;1
1089800;Mark 01;Mark 22;VEV_5400;XIRECS;15.0;4;1
1089800;Mark 01;Mark 22;VEV_6500;XIRECS;0.0;4;1
1091100;Mark 55;Mark 14;VELVETFRUIT_EXTRACT;XIRECS;5244.0;6;1
1092000;Mark 55;Mark 14;VELVETFRUIT_EXTRACT;XIRECS;5243.0;8;1
1092100;Mark 14;Mark 38;HYDROGEL_PACK;XIRECS;9955.0;4;1
1092500;Mark 14;Mark 38;HYDROGEL_PACK;XIRECS;9956.0;2;1
1093700;Mark 55;Mark 01;VELVETFRUIT_EXTRACT;XIRECS;5246.0;6;1
1093800;Mark 55;Mark 01;VELVETFRUIT_EXTRACT;XIRECS;5246.0;7;1
1094400;Mark 38;Mark 14;HYDROGEL_PACK;XIRECS;9974.0;4;1
1097100;Mark 14;Mark 38;HYDROGEL_PACK;XIRECS;9950.0;2;1
1098600;Mark 38;Mark 14;HYDROGEL_PACK;XIRECS;9962.0;2;1
1099000;Mark 38;Mark 14;HYDROGEL_PACK;XIRECS;9961.0;3;1
1100500;Mark 55;Mark 14;VELVETFRUIT_EXTRACT;XIRECS;5248.0;4;1
1101400;Mark 14;Mark 38;HYDROGEL_PACK;XIRECS;9936.0;5;1
1101500;Mark 14;Mark 38;HYDROGEL_PACK;XIRECS;9935.0;6;1
1102500;Mark 14;Mark 38;VEV_4000;XIRECS;1235.0;1;1
1102800;Mark 14;Mark 38;VEV_4000;XIRECS;1236.0;1;1
1103100;Mark 38;Mark 14;HYDROGEL_PACK;XIRECS;9952.0;4;1
1103500;Mark 14;Mark 38;HYDROGEL_PACK;XIRECS;9940.0;3;1
1104400;Mark 55;Mark 14;VELVETFRUIT_EXTRACT;XIRECS;5252.0;6;1
1107100;Mark 14;Mark 38;HYDROGEL_PACK;XIRECS;9952.0;5;1
1107900;Mark 55;Mark 01;VELVETFRUIT_EXTRACT;XIRECS;5267.0;3;1
1109000;Mark 67;Mark 49;VELVETFRUIT_EXTRACT;XIRECS;5265.0;12;1
1109100;Mark 14;Mark 38;HYDROGEL_PACK;XIRECS;9957.0;2;1
1110100;Mark 01;Mark 55;VELVETFRUIT_EXTRACT;XIRECS;5265.0;4;1
1112000;Mark 14;Mark 55;VELVETFRUIT_EXTRACT;XIRECS;5260.0;3;1
1112700;Mark 14;Mark 38;HYDROGEL_PACK;XIRECS;9948.0;2;1
1113900;Mark 38;Mark 14;HYDROGEL_PACK;XIRECS;9956.0;2;1
1115500;Mark 14;Mark 38;HYDROGEL_PACK;XIRECS;9937.0;3;1
1118800;Mark 14;Mark 55;VELVETFRUIT_EXTRACT;XIRECS;5257.0;3;1
1119400;Mark 38;Mark 14;HYDROGEL_PACK;XIRECS;9962.0;3;1
1120300;Mark 01;Mark 22;VEV_6000;XIRECS;0.0;4;1
1120300;Mark 01;Mark 22;VEV_6500;XIRECS;0.0;4;1
1120300;Mark 01;Mark 22;VEV_5400;XIRECS;18.0;4;1
1120300;Mark 01;Mark 22;VEV_5500;XIRECS;8.0;4;1
1120700;Mark 38;Mark 14;HYDROGEL_PACK;XIRECS;9958.0;2;1
1123300;Mark 01;Mark 55;VELVETFRUIT_EXTRACT;XIRECS;5262.0;7;1
1125600;Mark 55;Mark 14;VELVETFRUIT_EXTRACT;XIRECS;5265.0;3;1
1126000;Mark 38;Mark 14;HYDROGEL_PACK;XIRECS;9953.0;4;1
1127200;Mark 01;Mark 22;VEV_5500;XIRECS;8.0;3;1
1127200;Mark 01;Mark 22;VEV_6000;XIRECS;0.0;3;1
1127200;Mark 01;Mark 22;VEV_6500;XIRECS;0.0;3;1
1129100;Mark 38;Mark 14;VEV_4000;XIRECS;1275.0;3;1
1129500;Mark 38;Mark 14;HYDROGEL_PACK;XIRECS;9967.0;6;1
1129800;Mark 14;Mark 38;HYDROGEL_PACK;XIRECS;9951.0;4;1
1130800;Mark 14;Mark 38;HYDROGEL_PACK;XIRECS;9946.0;5;1
1131300;Mark 49;Mark 55;VELVETFRUIT_EXTRACT;XIRECS;5265.0;5;1
1131800;Mark 01;Mark 55;VELVETFRUIT_EXTRACT;XIRECS;5261.0;5;1
1132600;Mark 67;Mark 49;VELVETFRUIT_EXTRACT;XIRECS;5263.0;10;1
1133100;Mark 14;Mark 38;VEV_4000;XIRECS;1253.0;3;1
1133700;Mark 14;Mark 38;HYDROGEL_PACK;XIRECS;9948.0;4;1
1134000;Mark 14;Mark 55;VELVETFRUIT_EXTRACT;XIRECS;5264.0;8;1
1134500;Mark 14;Mark 38;HYDROGEL_PACK;XIRECS;9944.0;6;1
1135200;Mark 55;Mark 01;VELVETFRUIT_EXTRACT;XIRECS;5264.0;8;1
1135500;Mark 14;Mark 55;VELVETFRUIT_EXTRACT;XIRECS;5257.0;7;1
1135900;Mark 01;Mark 22;VEV_6500;XIRECS;0.0;3;1
1135900;Mark 01;Mark 22;VEV_6000;XIRECS;0.0;3;1
1135900;Mark 01;Mark 22;VEV_5400;XIRECS;19.0;3;1
1135900;Mark 01;Mark 22;VEV_5300;XIRECS;52.0;3;1
1135900;Mark 01;Mark 22;VEV_5500;XIRECS;8.0;3;1
1137000;Mark 14;Mark 38;VEV_4000;XIRECS;1252.0;3;1
1137300;Mark 14;Mark 38;VEV_4000;XIRECS;1251.0;3;1
1137600;Mark 38;Mark 14;VEV_4000;XIRECS;1269.0;3;1
1137800;Mark 14;Mark 38;HYDROGEL_PACK;XIRECS;9942.0;3;1
1138000;Mark 01;Mark 55;VELVETFRUIT_EXTRACT;XIRECS;5254.0;7;1
1138100;Mark 38;Mark 14;HYDROGEL_PACK;XIRECS;9959.0;2;1
1139700;Mark 67;Mark 22;VELVETFRUIT_EXTRACT;XIRECS;5257.0;8;1
1140000;Mark 55;Mark 14;VELVETFRUIT_EXTRACT;XIRECS;5261.0;5;1
1140100;Mark 55;Mark 14;VELVETFRUIT_EXTRACT;XIRECS;5260.0;4;1
1141000;Mark 55;Mark 14;VELVETFRUIT_EXTRACT;XIRECS;5260.0;4;1
1142000;Mark 55;Mark 14;VELVETFRUIT_EXTRACT;XIRECS;5262.0;6;1
1144500;Mark 01;Mark 55;VELVETFRUIT_EXTRACT;XIRECS;5258.0;5;1
1145500;Mark 01;Mark 22;VEV_5400;XIRECS;19.0;2;1
1145500;Mark 01;Mark 22;VEV_5500;XIRECS;8.0;2;1
1145500;Mark 01;Mark 22;VEV_6000;XIRECS;0.0;2;1
1145500;Mark 01;Mark 22;VEV_6500;XIRECS;0.0;2;1
1145600;Mark 38;Mark 14;HYDROGEL_PACK;XIRECS;9962.0;5;1
1146500;Mark 38;Mark 14;HYDROGEL_PACK;XIRECS;9963.0;6;1
1146700;Mark 14;Mark 55;VELVETFRUIT_EXTRACT;XIRECS;5260.0;7;1
1147900;Mark 14;Mark 38;VEV_4000;XIRECS;1256.0;1;1
1148000;Mark 38;Mark 14;HYDROGEL_PACK;XIRECS;9972.0;3;1
1148300;Mark 22;Mark 55;VELVETFRUIT_EXTRACT;XIRECS;5265.0;4;1
1150600;Mark 01;Mark 22;VEV_5300;XIRECS;53.0;2;1
1150600;Mark 01;Mark 22;VEV_5400;XIRECS;20.0;2;1
1150600;Mark 01;Mark 22;VEV_5500;XIRECS;8.0;2;1
1150600;Mark 01;Mark 22;VEV_6000;XIRECS;0.0;2;1
1150600;Mark 01;Mark 22;VEV_6500;XIRECS;0.0;2;1
1150700;Mark 55;Mark 01;VELVETFRUIT_EXTRACT;XIRECS;5268.0;7;1
1151100;Mark 14;Mark 38;HYDROGEL_PACK;XIRECS;9945.0;4;1
1151200;Mark 14;Mark 38;HYDROGEL_PACK;XIRECS;9944.0;6;1
1151400;Mark 01;Mark 55;VELVETFRUIT_EXTRACT;XIRECS;5261.0;7;1
1152700;Mark 14;Mark 38;HYDROGEL_PACK;XIRECS;9944.0;5;1
1153000;Mark 01;Mark 22;VEV_5400;XIRECS;18.0;4;1
1153000;Mark 01;Mark 22;VEV_5500;XIRECS;7.0;4;1
1153000;Mark 01;Mark 22;VEV_6000;XIRECS;0.0;4;1
1153000;Mark 01;Mark 22;VEV_6500;XIRECS;0.0;4;1
1154100;Mark 14;Mark 38;VEV_4000;XIRECS;1242.0;3;1
1155900;Mark 38;Mark 14;HYDROGEL_PACK;XIRECS;9966.0;4;1
1156200;Mark 14;Mark 38;VEV_4000;XIRECS;1237.0;1;1
1156400;Mark 14;Mark 38;HYDROGEL_PACK;XIRECS;9949.0;6;1
1159900;Mark 14;Mark 38;HYDROGEL_PACK;XIRECS;9961.0;3;1
1161200;Mark 14;Mark 38;HYDROGEL_PACK;XIRECS;9956.0;6;1
1163300;Mark 67;Mark 22;VELVETFRUIT_EXTRACT;XIRECS;5254.0;10;1
1164000;Mark 14;Mark 55;VELVETFRUIT_EXTRACT;XIRECS;5251.0;5;1
1164300;Mark 38;Mark 14;HYDROGEL_PACK;XIRECS;9973.0;5;1
1165500;Mark 49;Mark 55;VELVETFRUIT_EXTRACT;XIRECS;5250.0;4;1
1167300;Mark 14;Mark 38;HYDROGEL_PACK;XIRECS;9957.0;3;1
1167600;Mark 01;Mark 55;VELVETFRUIT_EXTRACT;XIRECS;5249.0;6;1
1167600;Mark 14;Mark 38;VEV_4000;XIRECS;1242.0;2;1
1168400;Mark 14;Mark 55;VELVETFRUIT_EXTRACT;XIRECS;5248.0;3;1
1168500;Mark 38;Mark 14;VEV_4000;XIRECS;1261.0;2;1
1168700;Mark 38;Mark 14;VEV_4000;XIRECS;1260.0;1;1
1170400;Mark 01;Mark 22;VEV_5400;XIRECS;17.0;5;1
1170400;Mark 01;Mark 22;VEV_5500;XIRECS;7.0;5;1
1170400;Mark 01;Mark 22;VEV_6000;XIRECS;0.0;5;1
1170400;Mark 01;Mark 22;VEV_6500;XIRECS;0.0;5;1
1170500;Mark 14;Mark 22;VEV_5300;XIRECS;46.0;3;1
1170500;Mark 01;Mark 22;VEV_5500;XIRECS;7.0;3;1
1170500;Mark 01;Mark 22;VEV_6000;XIRECS;0.0;3;1
1170500;Mark 01;Mark 22;VEV_6500;XIRECS;0.0;3;1
1170900;Mark 38;Mark 14;VEV_4000;XIRECS;1260.0;3;1
1171400;Mark 38;Mark 14;HYDROGEL_PACK;XIRECS;9992.0;6;1
1171700;Mark 01;Mark 55;VELVETFRUIT_EXTRACT;XIRECS;5248.0;7;1
1172400;Mark 14;Mark 38;VEV_4000;XIRECS;1238.0;1;1
1172500;Mark 01;Mark 22;VEV_5300;XIRECS;46.0;5;1
1172500;Mark 01;Mark 22;VEV_5400;XIRECS;17.0;5;1
1172500;Mark 01;Mark 22;VEV_5500;XIRECS;7.0;5;1
1172500;Mark 01;Mark 22;VEV_6000;XIRECS;0.0;5;1
1172500;Mark 01;Mark 22;VEV_6500;XIRECS;0.0;5;1
1174200;Mark 38;Mark 14;HYDROGEL_PACK;XIRECS;9988.0;5;1
1174400;Mark 38;Mark 14;HYDROGEL_PACK;XIRECS;9991.0;6;1
1178000;Mark 14;Mark 38;HYDROGEL_PACK;XIRECS;9988.0;3;1
1179200;Mark 01;Mark 55;VELVETFRUIT_EXTRACT;XIRECS;5243.0;4;1
1180100;Mark 55;Mark 01;VELVETFRUIT_EXTRACT;XIRECS;5248.0;3;1
1182100;Mark 14;Mark 38;HYDROGEL_PACK;XIRECS;10012.0;3;1
1182800;Mark 14;Mark 38;HYDROGEL_PACK;XIRECS;10010.0;5;1
1184200;Mark 38;Mark 14;VEV_4000;XIRECS;1251.0;3;1
1185800;Mark 38;Mark 14;HYDROGEL_PACK;XIRECS;10040.0;4;1
1187400;Mark 55;Mark 01;VELVETFRUIT_EXTRACT;XIRECS;5235.0;8;1
1187600;Mark 55;Mark 01;VELVETFRUIT_EXTRACT;XIRECS;5235.0;5;1
1188400;Mark 14;Mark 38;HYDROGEL_PACK;XIRECS;10021.0;4;1
1188800;Mark 22;Mark 55;VELVETFRUIT_EXTRACT;XIRECS;5232.0;6;1
1190100;Mark 01;Mark 22;VEV_6500;XIRECS;0.0;3;1
1190100;Mark 01;Mark 22;VEV_6000;XIRECS;0.0;3;1
1190100;Mark 01;Mark 22;VEV_5400;XIRECS;15.0;3;1
1190100;Mark 01;Mark 22;VEV_5300;XIRECS;42.0;3;1
1190100;Mark 01;Mark 22;VEV_5500;XIRECS;6.0;3;1
1190600;Mark 14;Mark 55;VELVETFRUIT_EXTRACT;XIRECS;5234.0;6;1
1190700;Mark 55;Mark 14;VELVETFRUIT_EXTRACT;XIRECS;5239.0;3;1
1191100;Mark 14;Mark 55;VELVETFRUIT_EXTRACT;XIRECS;5237.0;8;1
1192600;Mark 14;Mark 55;VELVETFRUIT_EXTRACT;XIRECS;5231.0;3;1
1192800;Mark 14;Mark 38;HYDROGEL_PACK;XIRECS;10007.0;5;1
1193400;Mark 38;Mark 14;HYDROGEL_PACK;XIRECS;10026.0;4;1
1194200;Mark 38;Mark 14;VEV_4000;XIRECS;1247.0;2;1
1194400;Mark 14;Mark 55;VELVETFRUIT_EXTRACT;XIRECS;5234.0;5;1
1195200;Mark 55;Mark 14;VELVETFRUIT_EXTRACT;XIRECS;5236.0;3;1
1195600;Mark 01;Mark 22;VEV_5300;XIRECS;41.0;3;1
1195600;Mark 01;Mark 22;VEV_5400;XIRECS;14.0;3;1
1195600;Mark 01;Mark 22;VEV_5500;XIRECS;6.0;3;1
1195600;Mark 01;Mark 22;VEV_6000;XIRECS;0.0;3;1
1195600;Mark 01;Mark 22;VEV_6500;XIRECS;0.0;3;1
1196100;Mark 55;Mark 14;VELVETFRUIT_EXTRACT;XIRECS;5236.0;5;1
1196700;Mark 14;Mark 38;VEV_4000;XIRECS;1225.0;1;1
1197600;Mark 67;Mark 49;VELVETFRUIT_EXTRACT;XIRECS;5237.0;9;1
1198900;Mark 55;Mark 14;VELVETFRUIT_EXTRACT;XIRECS;5243.0;5;1
1199200;Mark 55;Mark 14;VELVETFRUIT_EXTRACT;XIRECS;5243.0;5;1
1199400;Mark 38;Mark 14;HYDROGEL_PACK;XIRECS;10029.0;3;1
1202300;Mark 38;Mark 14;VEV_4000;XIRECS;1252.0;3;1
1202700;Mark 38;Mark 14;HYDROGEL_PACK;XIRECS;10033.0;5;1
1203200;Mark 14;Mark 38;HYDROGEL_PACK;XIRECS;10014.0;6;1
1203700;Mark 55;Mark 14;VELVETFRUIT_EXTRACT;XIRECS;5241.0;3;1
1206200;Mark 14;Mark 22;VEV_5400;XIRECS;16.0;3;1
1206200;Mark 01;Mark 22;VEV_6000;XIRECS;0.0;3;1
1206200;Mark 01;Mark 22;VEV_6500;XIRECS;0.0;3;1
1206600;Mark 38;Mark 14;VEV_4000;XIRECS;1255.0;1;1
1206800;Mark 01;Mark 55;VELVETFRUIT_EXTRACT;XIRECS;5241.0;6;1
1207600;Mark 55;Mark 01;VELVETFRUIT_EXTRACT;XIRECS;5251.0;4;1
1210300;Mark 14;Mark 55;VELVETFRUIT_EXTRACT;XIRECS;5250.0;5;1
1210600;Mark 14;Mark 38;HYDROGEL_PACK;XIRECS;9990.0;5;1
1211100;Mark 14;Mark 38;HYDROGEL_PACK;XIRECS;9996.0;6;1
1213700;Mark 55;Mark 01;VELVETFRUIT_EXTRACT;XIRECS;5259.0;5;1
1214400;Mark 01;Mark 55;VELVETFRUIT_EXTRACT;XIRECS;5250.0;3;1
1215000;Mark 14;Mark 55;VELVETFRUIT_EXTRACT;XIRECS;5249.0;4;1
1216000;Mark 38;Mark 14;VEV_4000;XIRECS;1263.0;1;1
1217100;Mark 55;Mark 14;VELVETFRUIT_EXTRACT;XIRECS;5257.0;4;1
1217500;Mark 38;Mark 14;HYDROGEL_PACK;XIRECS;10011.0;4;1
1217800;Mark 38;Mark 14;VEV_4000;XIRECS;1263.0;1;1
1218500;Mark 38;Mark 14;HYDROGEL_PACK;XIRECS;10017.0;5;1
1218900;Mark 38;Mark 14;HYDROGEL_PACK;XIRECS;10014.0;3;1
1218900;Mark 14;Mark 55;VELVETFRUIT_EXTRACT;XIRECS;5249.0;8;1
1221200;Mark 38;Mark 14;HYDROGEL_PACK;XIRECS;10011.0;5;1
1221800;Mark 14;Mark 55;VELVETFRUIT_EXTRACT;XIRECS;5241.0;7;1
1222900;Mark 14;Mark 38;VEV_4000;XIRECS;1236.0;3;1
1223300;Mark 38;Mark 14;VEV_4000;XIRECS;1257.0;2;1
1224100;Mark 38;Mark 14;VEV_4000;XIRECS;1258.0;2;1
1225100;Mark 55;Mark 14;VELVETFRUIT_EXTRACT;XIRECS;5254.0;5;1
1226100;Mark 14;Mark 38;HYDROGEL_PACK;XIRECS;9974.0;5;1
1229100;Mark 38;Mark 14;VEV_4000;XIRECS;1258.0;1;1
1230000;Mark 38;Mark 14;HYDROGEL_PACK;XIRECS;9998.0;4;1
1230800;Mark 38;Mark 14;HYDROGEL_PACK;XIRECS;10007.0;3;1
1235300;Mark 01;Mark 22;VEV_5400;XIRECS;16.0;3;1
1235300;Mark 01;Mark 22;VEV_5500;XIRECS;7.0;3;1
1235300;Mark 01;Mark 22;VEV_6000;XIRECS;0.0;3;1
1235300;Mark 01;Mark 22;VEV_6500;XIRECS;0.0;3;1
1235900;Mark 14;Mark 38;HYDROGEL_PACK;XIRECS;9998.0;3;1
1237900;Mark 55;Mark 01;VELVETFRUIT_EXTRACT;XIRECS;5254.0;6;1
1238200;Mark 38;Mark 14;HYDROGEL_PACK;XIRECS;10025.0;2;1
1239400;Mark 14;Mark 55;VELVETFRUIT_EXTRACT;XIRECS;5251.0;6;1
1239600;Mark 55;Mark 22;VELVETFRUIT_EXTRACT;XIRECS;5255.0;5;1
1239600;Mark 14;Mark 38;HYDROGEL_PACK;XIRECS;10006.0;4;1
1239700;Mark 38;Mark 14;HYDROGEL_PACK;XIRECS;10021.0;6;1
1240200;Mark 55;Mark 14;VELVETFRUIT_EXTRACT;XIRECS;5258.0;3;1
1240600;Mark 14;Mark 38;HYDROGEL_PACK;XIRECS;10013.0;3;1
1241900;Mark 14;Mark 38;HYDROGEL_PACK;XIRECS;10005.0;2;1
1242900;Mark 67;Mark 22;VELVETFRUIT_EXTRACT;XIRECS;5254.0;5;1
1245600;Mark 55;Mark 14;VELVETFRUIT_EXTRACT;XIRECS;5256.0;6;1
1248200;Mark 38;Mark 14;HYDROGEL_PACK;XIRECS;10025.0;5;1
1248300;Mark 01;Mark 55;VELVETFRUIT_EXTRACT;XIRECS;5257.0;5;1
1250500;Mark 01;Mark 55;VELVETFRUIT_EXTRACT;XIRECS;5260.0;4;1
1250600;Mark 14;Mark 38;VEV_4000;XIRECS;1252.0;2;1
1251200;Mark 01;Mark 55;VELVETFRUIT_EXTRACT;XIRECS;5262.0;8;1
1251600;Mark 38;Mark 14;VEV_4000;XIRECS;1275.0;3;1
1251900;Mark 67;Mark 49;VELVETFRUIT_EXTRACT;XIRECS;5263.0;14;1
1252400;Mark 55;Mark 14;VELVETFRUIT_EXTRACT;XIRECS;5267.0;6;1
1252500;Mark 14;Mark 38;HYDROGEL_PACK;XIRECS;9988.0;3;1
1252500;Mark 01;Mark 22;VEV_5300;XIRECS;53.0;2;1
1252500;Mark 01;Mark 22;VEV_5400;XIRECS;19.0;2;1
1252500;Mark 01;Mark 22;VEV_5500;XIRECS;8.0;2;1
1252500;Mark 01;Mark 22;VEV_6000;XIRECS;0.0;2;1
1252500;Mark 01;Mark 22;VEV_6500;XIRECS;0.0;2;1
1253900;Mark 55;Mark 14;VELVETFRUIT_EXTRACT;XIRECS;5266.0;3;1
1254700;Mark 38;Mark 14;HYDROGEL_PACK;XIRECS;9997.0;5;1
1255000;Mark 14;Mark 38;HYDROGEL_PACK;XIRECS;9980.0;4;1
1255300;Mark 14;Mark 38;HYDROGEL_PACK;XIRECS;9973.0;2;1
1255400;Mark 14;Mark 38;HYDROGEL_PACK;XIRECS;9973.0;3;1
1258400;Mark 67;Mark 22;VELVETFRUIT_EXTRACT;XIRECS;5257.0;8;1
1262200;Mark 01;Mark 55;VELVETFRUIT_EXTRACT;XIRECS;5250.0;4;1
1262300;Mark 38;Mark 14;HYDROGEL_PACK;XIRECS;10005.0;4;1
1262800;Mark 38;Mark 14;HYDROGEL_PACK;XIRECS;10008.0;2;1
1263100;Mark 38;Mark 14;VEV_4000;XIRECS;1268.0;3;1
1263900;Mark 55;Mark 14;VELVETFRUIT_EXTRACT;XIRECS;5257.0;7;1
1265400;Mark 67;Mark 49;VELVETFRUIT_EXTRACT;XIRECS;5250.0;9;1
1265600;Mark 14;Mark 55;VELVETFRUIT_EXTRACT;XIRECS;5248.0;5;1
1265800;Mark 55;Mark 14;VELVETFRUIT_EXTRACT;XIRECS;5252.0;7;1
1265900;Mark 14;Mark 38;VEV_4000;XIRECS;1240.0;1;1
1266300;Mark 38;Mark 14;HYDROGEL_PACK;XIRECS;9999.0;4;1
1266500;Mark 55;Mark 01;VELVETFRUIT_EXTRACT;XIRECS;5253.0;5;1
1266600;Mark 38;Mark 14;HYDROGEL_PACK;XIRECS;9997.0;4;1
1267400;Mark 55;Mark 14;VELVETFRUIT_EXTRACT;XIRECS;5253.0;3;1
1268300;Mark 38;Mark 14;VEV_4000;XIRECS;1257.0;2;1
1268700;Mark 55;Mark 14;VELVETFRUIT_EXTRACT;XIRECS;5251.0;5;1
1269300;Mark 14;Mark 38;HYDROGEL_PACK;XIRECS;9973.0;3;1
1269300;Mark 01;Mark 55;VELVETFRUIT_EXTRACT;XIRECS;5247.0;5;1
1271600;Mark 14;Mark 38;VEV_4000;XIRECS;1248.0;1;1
1272600;Mark 67;Mark 22;VELVETFRUIT_EXTRACT;XIRECS;5261.0;7;1
1274600;Mark 38;Mark 14;HYDROGEL_PACK;XIRECS;9989.0;2;1
1275300;Mark 55;Mark 01;VELVETFRUIT_EXTRACT;XIRECS;5259.0;8;1
1275700;Mark 38;Mark 14;HYDROGEL_PACK;XIRECS;9996.0;2;1
1276500;Mark 55;Mark 14;VELVETFRUIT_EXTRACT;XIRECS;5255.0;7;1
1277400;Mark 55;Mark 14;VELVETFRUIT_EXTRACT;XIRECS;5254.0;4;1
1278300;Mark 55;Mark 14;VELVETFRUIT_EXTRACT;XIRECS;5258.0;5;1
1279600;Mark 55;Mark 01;VELVETFRUIT_EXTRACT;XIRECS;5260.0;4;1
1280500;Mark 38;Mark 14;HYDROGEL_PACK;XIRECS;9973.0;2;1
1281100;Mark 14;Mark 38;HYDROGEL_PACK;XIRECS;9952.0;3;1
1281400;Mark 67;Mark 49;VELVETFRUIT_EXTRACT;XIRECS;5253.0;15;1
1281500;Mark 38;Mark 14;VEV_4000;XIRECS;1267.0;1;1
1282200;Mark 38;Mark 14;HYDROGEL_PACK;XIRECS;9979.0;2;1
1282200;Mark 14;Mark 55;VELVETFRUIT_EXTRACT;XIRECS;5260.0;7;1
1283400;Mark 55;Mark 14;VELVETFRUIT_EXTRACT;XIRECS;5259.0;7;1
1285400;Mark 14;Mark 38;HYDROGEL_PACK;XIRECS;9965.0;5;1
1286300;Mark 55;Mark 01;VELVETFRUIT_EXTRACT;XIRECS;5266.0;6;1
1286600;Mark 38;Mark 14;VEV_4000;XIRECS;1277.0;2;1
1288800;Mark 38;Mark 14;VEV_4000;XIRECS;1278.0;1;1
1289100;Mark 55;Mark 14;VELVETFRUIT_EXTRACT;XIRECS;5271.0;5;1
1289200;Mark 67;Mark 49;VELVETFRUIT_EXTRACT;XIRECS;5266.0;11;1
1290900;Mark 38;Mark 14;HYDROGEL_PACK;XIRECS;9965.0;3;1
1291400;Mark 55;Mark 49;VELVETFRUIT_EXTRACT;XIRECS;5274.0;5;1
1291800;Mark 67;Mark 22;VELVETFRUIT_EXTRACT;XIRECS;5270.0;5;1
1292400;Mark 55;Mark 01;VELVETFRUIT_EXTRACT;XIRECS;5275.0;8;1
1292800;Mark 14;Mark 38;HYDROGEL_PACK;XIRECS;9951.0;6;1
1295000;Mark 38;Mark 14;HYDROGEL_PACK;XIRECS;9959.0;5;1
1296900;Mark 01;Mark 55;VELVETFRUIT_EXTRACT;XIRECS;5270.0;5;1
1297100;Mark 38;Mark 14;HYDROGEL_PACK;XIRECS;9958.0;3;1
1297400;Mark 55;Mark 14;VELVETFRUIT_EXTRACT;XIRECS;5275.0;4;1
1297500;Mark 14;Mark 38;VEV_4000;XIRECS;1262.0;1;1
1301100;Mark 38;Mark 14;HYDROGEL_PACK;XIRECS;9966.0;3;1
1301300;Mark 38;Mark 14;HYDROGEL_PACK;XIRECS;9967.0;2;1
1302400;Mark 14;Mark 38;HYDROGEL_PACK;XIRECS;9936.0;6;1
1304000;Mark 01;Mark 22;VEV_5400;XIRECS;19.0;3;1
1304000;Mark 01;Mark 22;VEV_5500;XIRECS;8.0;3;1
1304000;Mark 01;Mark 22;VEV_6000;XIRECS;0.0;3;1
1304000;Mark 01;Mark 22;VEV_6500;XIRECS;0.0;3;1
1304200;Mark 14;Mark 38;HYDROGEL_PACK;XIRECS;9944.0;2;1
1306500;Mark 38;Mark 14;HYDROGEL_PACK;XIRECS;9967.0;5;1
1307100;Mark 38;Mark 14;VEV_4000;XIRECS;1279.0;1;1
1307500;Mark 55;Mark 01;VELVETFRUIT_EXTRACT;XIRECS;5275.0;8;1
1308000;Mark 14;Mark 38;HYDROGEL_PACK;XIRECS;9943.0;3;1
1308100;Mark 67;Mark 22;VELVETFRUIT_EXTRACT;XIRECS;5271.0;6;1
1308100;Mark 14;Mark 38;HYDROGEL_PACK;XIRECS;9945.0;4;1
1309500;Mark 55;Mark 01;VELVETFRUIT_EXTRACT;XIRECS;5268.0;4;1
1310100;Mark 14;Mark 22;VEV_5400;XIRECS;20.0;5;1
1310100;Mark 01;Mark 22;VEV_5500;XIRECS;8.0;5;1
1310100;Mark 01;Mark 22;VEV_6000;XIRECS;0.0;5;1
1310100;Mark 01;Mark 22;VEV_6500;XIRECS;0.0;5;1
1310500;Mark 67;Mark 49;VELVETFRUIT_EXTRACT;XIRECS;5266.0;11;1
1310600;Mark 14;Mark 55;VELVETFRUIT_EXTRACT;XIRECS;5264.0;3;1
1313000;Mark 55;Mark 01;VELVETFRUIT_EXTRACT;XIRECS;5267.0;5;1
1314500;Mark 14;Mark 55;VELVETFRUIT_EXTRACT;XIRECS;5251.0;4;1
1316200;Mark 38;Mark 14;HYDROGEL_PACK;XIRECS;9939.0;5;1
1317100;Mark 14;Mark 38;HYDROGEL_PACK;XIRECS;9929.0;4;1
1318300;Mark 38;Mark 14;HYDROGEL_PACK;XIRECS;9950.0;4;1
1318900;Mark 55;Mark 14;VELVETFRUIT_EXTRACT;XIRECS;5250.0;4;1
1321900;Mark 55;Mark 14;VELVETFRUIT_EXTRACT;XIRECS;5253.0;7;1
1322000;Mark 01;Mark 22;VEV_5400;XIRECS;16.0;2;1
1322000;Mark 01;Mark 22;VEV_5500;XIRECS;7.0;2;1
1322000;Mark 01;Mark 22;VEV_6000;XIRECS;0.0;2;1
1322000;Mark 01;Mark 22;VEV_6500;XIRECS;0.0;2;1
1322600;Mark 01;Mark 22;VEV_6500;XIRECS;0.0;4;1
1322600;Mark 01;Mark 22;VEV_6000;XIRECS;0.0;4;1
1322600;Mark 14;Mark 22;VEV_5200;XIRECS;98.0;4;1
1322600;Mark 01;Mark 22;VEV_5500;XIRECS;7.0;4;1
1323300;Mark 38;Mark 14;HYDROGEL_PACK;XIRECS;9956.0;5;1
1323300;Mark 38;Mark 14;VEV_4000;XIRECS;1262.0;3;1
1324100;Mark 55;Mark 14;VELVETFRUIT_EXTRACT;XIRECS;5254.0;7;1
1324600;Mark 38;Mark 14;HYDROGEL_PACK;XIRECS;9946.0;6;1
1325300;Mark 14;Mark 38;VEV_4000;XIRECS;1237.0;2;1
1326300;Mark 38;Mark 14;VEV_4000;XIRECS;1261.0;1;1
1327600;Mark 14;Mark 38;HYDROGEL_PACK;XIRECS;9928.0;5;1
1327700;Mark 38;Mark 14;HYDROGEL_PACK;XIRECS;9946.0;6;1
1328000;Mark 14;Mark 38;VEV_4000;XIRECS;1243.0;1;1
1328400;Mark 14;Mark 38;VEV_4000;XIRECS;1240.0;1;1
1328500;Mark 14;Mark 55;VELVETFRUIT_EXTRACT;XIRECS;5249.0;4;1
1331400;Mark 14;Mark 38;VEV_4000;XIRECS;1232.0;1;1
1333100;Mark 01;Mark 55;VELVETFRUIT_EXTRACT;XIRECS;5236.0;4;1
1334900;Mark 14;Mark 38;VEV_4000;XIRECS;1237.0;1;1
1335300;Mark 14;Mark 38;HYDROGEL_PACK;XIRECS;9943.0;5;1
1335300;Mark 01;Mark 55;VELVETFRUIT_EXTRACT;XIRECS;5245.0;3;1
1335500;Mark 38;Mark 14;HYDROGEL_PACK;XIRECS;9961.0;4;1
1338100;Mark 14;Mark 38;HYDROGEL_PACK;XIRECS;9931.0;3;1
1339500;Mark 14;Mark 38;HYDROGEL_PACK;XIRECS;9932.0;3;1
1340100;Mark 38;Mark 14;VEV_4000;XIRECS;1260.0;2;1
1340500;Mark 67;Mark 49;VELVETFRUIT_EXTRACT;XIRECS;5249.0;9;1
1342000;Mark 14;Mark 55;VELVETFRUIT_EXTRACT;XIRECS;5249.0;6;1
1342400;Mark 14;Mark 38;HYDROGEL_PACK;XIRECS;9944.0;5;1
1343100;Mark 38;Mark 14;HYDROGEL_PACK;XIRECS;9966.0;2;1
1343400;Mark 67;Mark 49;VELVETFRUIT_EXTRACT;XIRECS;5251.0;13;1
1344000;Mark 14;Mark 38;HYDROGEL_PACK;XIRECS;9953.0;5;1
1344200;Mark 55;Mark 01;VELVETFRUIT_EXTRACT;XIRECS;5253.0;4;1
1345700;Mark 38;Mark 14;HYDROGEL_PACK;XIRECS;9957.0;6;1
1345700;Mark 14;Mark 55;VELVETFRUIT_EXTRACT;XIRECS;5245.0;7;1
1345900;Mark 38;Mark 14;HYDROGEL_PACK;XIRECS;9958.0;3;1
1348500;Mark 14;Mark 38;HYDROGEL_PACK;XIRECS;9964.0;5;1
1350300;Mark 01;Mark 22;VEV_6500;XIRECS;0.0;4;1
1350300;Mark 01;Mark 22;VEV_6000;XIRECS;0.0;4;1
1350300;Mark 01;Mark 22;VEV_5400;XIRECS;15.0;4;1
1350300;Mark 01;Mark 22;VEV_5500;XIRECS;6.0;4;1
1350900;Mark 38;Mark 14;VEV_4000;XIRECS;1256.0;3;1
1351000;Mark 38;Mark 14;HYDROGEL_PACK;XIRECS;9973.0;3;1
1356800;Mark 14;Mark 38;VEV_4000;XIRECS;1234.0;2;1
1357100;Mark 38;Mark 14;HYDROGEL_PACK;XIRECS;9963.0;6;1
1358100;Mark 14;Mark 55;VELVETFRUIT_EXTRACT;XIRECS;5245.0;6;1
1358300;Mark 14;Mark 38;VEV_4000;XIRECS;1237.0;3;1
1358500;Mark 38;Mark 14;HYDROGEL_PACK;XIRECS;9960.0;6;1
1360600;Mark 14;Mark 38;HYDROGEL_PACK;XIRECS;9951.0;2;1
1362700;Mark 14;Mark 38;HYDROGEL_PACK;XIRECS;9961.0;3;1
1363100;Mark 38;Mark 14;HYDROGEL_PACK;XIRECS;9983.0;4;1
1364800;Mark 38;Mark 14;HYDROGEL_PACK;XIRECS;9978.0;5;1
1364900;Mark 14;Mark 55;VELVETFRUIT_EXTRACT;XIRECS;5251.0;7;1
1365000;Mark 14;Mark 38;VEV_4000;XIRECS;1242.0;2;1
1365600;Mark 14;Mark 55;VELVETFRUIT_EXTRACT;XIRECS;5250.0;8;1
1367900;Mark 67;Mark 22;VELVETFRUIT_EXTRACT;XIRECS;5248.0;5;1
1368500;Mark 38;Mark 14;HYDROGEL_PACK;XIRECS;9983.0;6;1
1371400;Mark 14;Mark 38;HYDROGEL_PACK;XIRECS;9953.0;2;1
1373400;Mark 38;Mark 14;HYDROGEL_PACK;XIRECS;9970.0;3;1
1373700;Mark 14;Mark 38;HYDROGEL_PACK;XIRECS;9954.0;5;1
1374100;Mark 14;Mark 55;VELVETFRUIT_EXTRACT;XIRECS;5253.0;6;1
1374400;Mark 14;Mark 55;VELVETFRUIT_EXTRACT;XIRECS;5253.0;4;1
1374800;Mark 14;Mark 38;VEV_4000;XIRECS;1242.0;3;1
1375100;Mark 14;Mark 38;HYDROGEL_PACK;XIRECS;9947.0;2;1
1376300;Mark 14;Mark 38;VEV_4000;XIRECS;1236.0;2;1
1376600;Mark 01;Mark 22;VEV_5300;XIRECS;46.0;5;1
1376600;Mark 01;Mark 22;VEV_5400;XIRECS;15.0;5;1
1376600;Mark 01;Mark 22;VEV_5500;XIRECS;6.0;5;1
1376600;Mark 01;Mark 22;VEV_6000;XIRECS;0.0;5;1
1376600;Mark 01;Mark 22;VEV_6500;XIRECS;0.0;5;1
1377900;Mark 01;Mark 22;VEV_6500;XIRECS;0.0;2;1
1377900;Mark 01;Mark 22;VEV_6000;XIRECS;0.0;2;1
1377900;Mark 01;Mark 22;VEV_5500;XIRECS;6.0;2;1
1377900;Mark 14;Mark 22;VEV_5300;XIRECS;47.0;2;1
1380100;Mark 38;Mark 14;HYDROGEL_PACK;XIRECS;9957.0;6;1
1380700;Mark 38;Mark 14;HYDROGEL_PACK;XIRECS;9948.0;4;1
1380900;Mark 01;Mark 55;VELVETFRUIT_EXTRACT;XIRECS;5250.0;8;1
1381700;Mark 55;Mark 14;VELVETFRUIT_EXTRACT;XIRECS;5255.0;8;1
1383300;Mark 38;Mark 14;HYDROGEL_PACK;XIRECS;9945.0;5;1
1383600;Mark 38;Mark 14;HYDROGEL_PACK;XIRECS;9948.0;4;1
1383700;Mark 14;Mark 55;VELVETFRUIT_EXTRACT;XIRECS;5246.0;7;1
1384200;Mark 14;Mark 38;VEV_4000;XIRECS;1239.0;1;1
1384500;Mark 14;Mark 38;VEV_4000;XIRECS;1238.0;3;1
1385800;Mark 38;Mark 14;HYDROGEL_PACK;XIRECS;9943.0;6;1
1385900;Mark 14;Mark 55;VELVETFRUIT_EXTRACT;XIRECS;5245.0;3;1
1386000;Mark 14;Mark 55;VELVETFRUIT_EXTRACT;XIRECS;5244.0;8;1
1386800;Mark 38;Mark 14;VEV_4000;XIRECS;1257.0;2;1
1390100;Mark 67;Mark 49;VELVETFRUIT_EXTRACT;XIRECS;5244.0;10;1
1390800;Mark 14;Mark 38;VEV_4000;XIRECS;1233.0;3;1
1392300;Mark 14;Mark 55;VELVETFRUIT_EXTRACT;XIRECS;5242.0;5;1
1393000;Mark 01;Mark 55;VELVETFRUIT_EXTRACT;XIRECS;5242.0;4;1
1393900;Mark 01;Mark 55;VELVETFRUIT_EXTRACT;XIRECS;5241.0;6;1
1394700;Mark 14;Mark 55;VELVETFRUIT_EXTRACT;XIRECS;5237.0;8;1
1394800;Mark 14;Mark 38;HYDROGEL_PACK;XIRECS;9941.0;5;1
1396000;Mark 55;Mark 01;VELVETFRUIT_EXTRACT;XIRECS;5246.0;8;1
1396200;Mark 01;Mark 55;VELVETFRUIT_EXTRACT;XIRECS;5240.0;7;1
1396300;Mark 38;Mark 14;HYDROGEL_PACK;XIRECS;9956.0;4;1
1397800;Mark 38;Mark 14;HYDROGEL_PACK;XIRECS;9950.0;4;1
1398400;Mark 14;Mark 55;VELVETFRUIT_EXTRACT;XIRECS;5235.0;6;1
1399700;Mark 01;Mark 22;VEV_5400;XIRECS;14.0;5;1
1399700;Mark 01;Mark 22;VEV_5500;XIRECS;6.0;5;1
1399700;Mark 01;Mark 22;VEV_6000;XIRECS;0.0;5;1
1399700;Mark 01;Mark 22;VEV_6500;XIRECS;0.0;5;1
1399900;Mark 14;Mark 38;VEV_4000;XIRECS;1231.0;1;1
1400100;Mark 14;Mark 55;VELVETFRUIT_EXTRACT;XIRECS;5240.0;8;1
1401900;Mark 01;Mark 55;VELVETFRUIT_EXTRACT;XIRECS;5242.0;8;1
1402400;Mark 14;Mark 55;VELVETFRUIT_EXTRACT;XIRECS;5240.0;6;1
1403500;Mark 01;Mark 55;VELVETFRUIT_EXTRACT;XIRECS;5239.0;8;1
1403600;Mark 14;Mark 38;HYDROGEL_PACK;XIRECS;9922.0;6;1
1404200;Mark 55;Mark 14;VELVETFRUIT_EXTRACT;XIRECS;5247.0;4;1
1406400;Mark 55;Mark 14;VELVETFRUIT_EXTRACT;XIRECS;5246.0;5;1
1409300;Mark 14;Mark 38;HYDROGEL_PACK;XIRECS;9929.0;6;1
1410400;Mark 01;Mark 22;VEV_6000;XIRECS;0.0;3;1
1410400;Mark 01;Mark 22;VEV_6500;XIRECS;0.0;3;1
1410400;Mark 01;Mark 22;VEV_5400;XIRECS;13.0;3;1
1410400;Mark 01;Mark 22;VEV_5500;XIRECS;5.0;3;1
1410600;Mark 55;Mark 14;VELVETFRUIT_EXTRACT;XIRECS;5239.0;6;1
1411000;Mark 38;Mark 14;HYDROGEL_PACK;XIRECS;9951.0;4;1
1411200;Mark 55;Mark 01;VELVETFRUIT_EXTRACT;XIRECS;5236.0;7;1
1411300;Mark 55;Mark 01;VELVETFRUIT_EXTRACT;XIRECS;5236.0;7;1
1411400;Mark 38;Mark 14;HYDROGEL_PACK;XIRECS;9952.0;3;1
1412300;Mark 38;Mark 14;HYDROGEL_PACK;XIRECS;9953.0;2;1
1414000;Mark 38;Mark 14;HYDROGEL_PACK;XIRECS;9962.0;2;1
1414400;Mark 14;Mark 38;HYDROGEL_PACK;XIRECS;9945.0;3;1
1414800;Mark 14;Mark 38;HYDROGEL_PACK;XIRECS;9940.0;3;1
1415700;Mark 55;Mark 14;VELVETFRUIT_EXTRACT;XIRECS;5234.0;3;1
1419700;Mark 38;Mark 14;VEV_4000;XIRECS;1241.0;1;1
1419900;Mark 55;Mark 01;VELVETFRUIT_EXTRACT;XIRECS;5231.0;6;1
1421500;Mark 14;Mark 38;HYDROGEL_PACK;XIRECS;9946.0;3;1
1424500;Mark 55;Mark 14;VELVETFRUIT_EXTRACT;XIRECS;5235.0;7;1
1425400;Mark 38;Mark 14;VEV_4000;XIRECS;1246.0;1;1
1426800;Mark 14;Mark 55;VELVETFRUIT_EXTRACT;XIRECS;5232.0;8;1
1427000;Mark 14;Mark 38;HYDROGEL_PACK;XIRECS;9950.0;2;1
1427600;Mark 55;Mark 14;VELVETFRUIT_EXTRACT;XIRECS;5237.0;8;1
1428000;Mark 01;Mark 22;VEV_6000;XIRECS;0.0;2;1
1428000;Mark 01;Mark 22;VEV_6500;XIRECS;0.0;2;1
1428000;Mark 01;Mark 22;VEV_5400;XIRECS;13.0;2;1
1428000;Mark 01;Mark 22;VEV_5500;XIRECS;5.0;2;1
1430200;Mark 55;Mark 14;VELVETFRUIT_EXTRACT;XIRECS;5230.0;3;1
1431000;Mark 55;Mark 01;VELVETFRUIT_EXTRACT;XIRECS;5233.0;5;1
1431700;Mark 55;Mark 14;VELVETFRUIT_EXTRACT;XIRECS;5233.0;4;1
1432100;Mark 55;Mark 14;VELVETFRUIT_EXTRACT;XIRECS;5234.0;3;1
1435300;Mark 01;Mark 55;VELVETFRUIT_EXTRACT;XIRECS;5225.0;8;1
1436200;Mark 38;Mark 14;HYDROGEL_PACK;XIRECS;9935.0;5;1
1437100;Mark 01;Mark 22;VEV_5400;XIRECS;13.0;4;1
1437100;Mark 01;Mark 22;VEV_6500;XIRECS;0.0;4;1
1437100;Mark 01;Mark 22;VEV_6000;XIRECS;0.0;4;1
1437100;Mark 01;Mark 22;VEV_5500;XIRECS;5.0;4;1
1437100;Mark 38;Mark 22;VEV_5300;XIRECS;41.0;1;1
1437100;Mark 38;Mark 22;VEV_4500;XIRECS;733.0;1;1
1437100;Mark 38;Mark 22;VEV_5100;XIRECS;152.0;1;1
1437100;Mark 38;Mark 22;VEV_4000;XIRECS;1233.0;1;1
1437100;Mark 38;Mark 22;VEV_5200;XIRECS;87.0;1;1
1437100;Mark 38;Mark 22;VEV_5000;XIRECS;238.0;1;1
1438000;Mark 01;Mark 55;VELVETFRUIT_EXTRACT;XIRECS;5230.0;7;1
1440300;Mark 38;Mark 14;HYDROGEL_PACK;XIRECS;9922.0;2;1
1441300;Mark 14;Mark 38;HYDROGEL_PACK;XIRECS;9902.0;2;1
1443600;Mark 14;Mark 38;HYDROGEL_PACK;XIRECS;9908.0;2;1
1444000;Mark 14;Mark 38;VEV_4000;XIRECS;1230.0;3;1
1444300;Mark 01;Mark 55;VELVETFRUIT_EXTRACT;XIRECS;5238.0;7;1
1445900;Mark 55;Mark 14;VELVETFRUIT_EXTRACT;XIRECS;5249.0;4;1
1448100;Mark 55;Mark 01;VELVETFRUIT_EXTRACT;XIRECS;5254.0;3;1
1448700;Mark 14;Mark 38;VEV_4000;XIRECS;1238.0;3;1
1450000;Mark 14;Mark 38;HYDROGEL_PACK;XIRECS;9932.0;5;1
1453500;Mark 01;Mark 55;VELVETFRUIT_EXTRACT;XIRECS;5245.0;8;1
1453600;Mark 55;Mark 01;VELVETFRUIT_EXTRACT;XIRECS;5252.0;4;1
1454800;Mark 01;Mark 55;VELVETFRUIT_EXTRACT;XIRECS;5245.0;3;1
1455200;Mark 01;Mark 55;VELVETFRUIT_EXTRACT;XIRECS;5244.0;6;1
1455400;Mark 38;Mark 14;VEV_4000;XIRECS;1257.0;1;1
1455700;Mark 01;Mark 22;VEV_6000;XIRECS;0.0;4;1
1455700;Mark 01;Mark 22;VEV_6500;XIRECS;0.0;4;1
1455700;Mark 01;Mark 22;VEV_5400;XIRECS;15.0;4;1
1455700;Mark 01;Mark 22;VEV_5500;XIRECS;6.0;4;1
1457700;Mark 14;Mark 38;HYDROGEL_PACK;XIRECS;9914.0;4;1
1458400;Mark 55;Mark 14;VELVETFRUIT_EXTRACT;XIRECS;5248.0;3;1
1459900;Mark 55;Mark 01;VELVETFRUIT_EXTRACT;XIRECS;5252.0;8;1
1459900;Mark 14;Mark 38;VEV_4000;XIRECS;1239.0;2;1
1460400;Mark 01;Mark 22;VEV_6000;XIRECS;0.0;3;1
1460400;Mark 01;Mark 22;VEV_5500;XIRECS;6.0;3;1
1460400;Mark 01;Mark 22;VEV_6500;XIRECS;0.0;3;1
1460400;Mark 01;Mark 22;VEV_5300;XIRECS;47.0;3;1
1460400;Mark 14;Mark 22;VEV_5400;XIRECS;16.0;3;1
1460700;Mark 55;Mark 14;VELVETFRUIT_EXTRACT;XIRECS;5254.0;6;1
1462300;Mark 55;Mark 01;VELVETFRUIT_EXTRACT;XIRECS;5259.0;8;1
1462500;Mark 38;Mark 14;HYDROGEL_PACK;XIRECS;9932.0;2;1
1464200;Mark 14;Mark 38;VEV_4000;XIRECS;1241.0;1;1
1465300;Mark 55;Mark 14;VELVETFRUIT_EXTRACT;XIRECS;5255.0;8;1
1468000;Mark 01;Mark 55;VELVETFRUIT_EXTRACT;XIRECS;5247.0;3;1
1469300;Mark 01;Mark 55;VELVETFRUIT_EXTRACT;XIRECS;5252.0;6;1
1469600;Mark 14;Mark 55;VELVETFRUIT_EXTRACT;XIRECS;5252.0;7;1
1470400;Mark 55;Mark 14;VELVETFRUIT_EXTRACT;XIRECS;5257.0;4;1
1472600;Mark 14;Mark 55;VELVETFRUIT_EXTRACT;XIRECS;5249.0;3;1
1475400;Mark 55;Mark 49;VELVETFRUIT_EXTRACT;XIRECS;5254.0;7;1
1475500;Mark 14;Mark 38;VEV_4000;XIRECS;1244.0;1;1
1476200;Mark 38;Mark 14;HYDROGEL_PACK;XIRECS;9959.0;3;1
1476500;Mark 01;Mark 22;VEV_5400;XIRECS;17.0;2;1
1476500;Mark 01;Mark 22;VEV_5500;XIRECS;7.0;2;1
1476500;Mark 01;Mark 22;VEV_6000;XIRECS;0.0;2;1
1476500;Mark 01;Mark 22;VEV_6500;XIRECS;0.0;2;1
1477600;Mark 14;Mark 38;HYDROGEL_PACK;XIRECS;9941.0;5;1
1477900;Mark 55;Mark 01;VELVETFRUIT_EXTRACT;XIRECS;5258.0;5;1
1478900;Mark 14;Mark 55;VELVETFRUIT_EXTRACT;XIRECS;5250.0;4;1
1479100;Mark 38;Mark 14;HYDROGEL_PACK;XIRECS;9973.0;5;1
1480100;Mark 67;Mark 49;VELVETFRUIT_EXTRACT;XIRECS;5250.0;10;1
1480700;Mark 38;Mark 14;VEV_4000;XIRECS;1259.0;2;1
1480900;Mark 14;Mark 38;VEV_4000;XIRECS;1239.0;2;1
1481300;Mark 38;Mark 14;VEV_4000;XIRECS;1257.0;3;1
1483100;Mark 55;Mark 14;VELVETFRUIT_EXTRACT;XIRECS;5245.0;8;1
1483200;Mark 38;Mark 14;VEV_4000;XIRECS;1252.0;3;1
1483800;Mark 01;Mark 55;VELVETFRUIT_EXTRACT;XIRECS;5238.0;7;1
1485300;Mark 14;Mark 38;HYDROGEL_PACK;XIRECS;9952.0;3;1
1486400;Mark 01;Mark 55;VELVETFRUIT_EXTRACT;XIRECS;5239.0;7;1
1489600;Mark 14;Mark 38;HYDROGEL_PACK;XIRECS;9948.0;4;1
1489700;Mark 01;Mark 22;VEV_6500;XIRECS;0.0;4;1
1489700;Mark 01;Mark 22;VEV_6000;XIRECS;0.0;4;1
1489700;Mark 01;Mark 22;VEV_5500;XIRECS;5.0;4;1
1489700;Mark 14;Mark 55;VELVETFRUIT_EXTRACT;XIRECS;5237.0;6;1
1489700;Mark 01;Mark 22;VEV_5300;XIRECS;43.0;4;1
1489700;Mark 01;Mark 22;VEV_5400;XIRECS;14.0;4;1
1490900;Mark 55;Mark 14;VELVETFRUIT_EXTRACT;XIRECS;5246.0;5;1
1491100;Mark 14;Mark 38;VEV_4000;XIRECS;1233.0;3;1
1492100;Mark 14;Mark 55;VELVETFRUIT_EXTRACT;XIRECS;5241.0;5;1
1493900;Mark 01;Mark 55;VELVETFRUIT_EXTRACT;XIRECS;5237.0;3;1
1494500;Mark 38;Mark 14;HYDROGEL_PACK;XIRECS;9975.0;4;1
1494700;Mark 14;Mark 38;VEV_4000;XIRECS;1228.0;2;1
1495300;Mark 14;Mark 38;HYDROGEL_PACK;XIRECS;9964.0;5;1
1496200;Mark 14;Mark 55;VELVETFRUIT_EXTRACT;XIRECS;5239.0;5;1
1496300;Mark 14;Mark 38;VEV_4000;XIRECS;1230.0;2;1
1498200;Mark 22;Mark 49;VELVETFRUIT_EXTRACT;XIRECS;5241.0;5;1
1498400;Mark 14;Mark 55;VELVETFRUIT_EXTRACT;XIRECS;5238.0;7;1
1499900;Mark 14;Mark 38;HYDROGEL_PACK;XIRECS;9990.0;6;1
1500800;Mark 14;Mark 38;HYDROGEL_PACK;XIRECS;9987.0;4;1
1501400;Mark 14;Mark 38;HYDROGEL_PACK;XIRECS;9987.0;6;1
1502000;Mark 14;Mark 38;HYDROGEL_PACK;XIRECS;9985.0;3;1
1502700;Mark 01;Mark 22;VEV_6500;XIRECS;0.0;2;1
1502700;Mark 01;Mark 22;VEV_5500;XIRECS;6.0;2;1
1502700;Mark 01;Mark 22;VEV_6000;XIRECS;0.0;2;1
1503500;Mark 14;Mark 38;HYDROGEL_PACK;XIRECS;9994.0;6;1
1503500;Mark 14;Mark 38;VEV_4000;XIRECS;1240.0;3;1
1505300;Mark 55;Mark 22;VELVETFRUIT_EXTRACT;XIRECS;5256.0;3;1
1506200;Mark 14;Mark 55;VELVETFRUIT_EXTRACT;XIRECS;5254.0;5;1
1507200;Mark 38;Mark 14;HYDROGEL_PACK;XIRECS;10012.0;4;1
1507800;Mark 14;Mark 38;HYDROGEL_PACK;XIRECS;9992.0;6;1
1509100;Mark 14;Mark 38;VEV_4000;XIRECS;1250.0;3;1
1509700;Mark 67;Mark 49;VELVETFRUIT_EXTRACT;XIRECS;5260.0;13;1
1509900;Mark 14;Mark 38;HYDROGEL_PACK;XIRECS;10005.0;5;1
1510100;Mark 14;Mark 38;HYDROGEL_PACK;XIRECS;10003.0;3;1
1513200;Mark 38;Mark 14;HYDROGEL_PACK;XIRECS;10010.0;5;1
1514100;Mark 49;Mark 22;VELVETFRUIT_EXTRACT;XIRECS;5263.0;7;1
1514500;Mark 14;Mark 55;VELVETFRUIT_EXTRACT;XIRECS;5265.0;6;1
1515200;Mark 14;Mark 38;HYDROGEL_PACK;XIRECS;10000.0;4;1
1516800;Mark 14;Mark 55;VELVETFRUIT_EXTRACT;XIRECS;5261.0;5;1
1517900;Mark 14;Mark 38;VEV_4000;XIRECS;1249.0;1;1
1518800;Mark 38;Mark 14;VEV_4000;XIRECS;1271.0;1;1
1519000;Mark 14;Mark 38;HYDROGEL_PACK;XIRECS;10002.0;5;1
1519100;Mark 14;Mark 38;VEV_4000;XIRECS;1246.0;2;1
1519400;Mark 38;Mark 14;HYDROGEL_PACK;XIRECS;10017.0;2;1
1519500;Mark 01;Mark 22;VEV_5300;XIRECS;50.0;4;1
1519500;Mark 01;Mark 22;VEV_5400;XIRECS;17.0;4;1
1519500;Mark 01;Mark 22;VEV_5500;XIRECS;6.0;4;1
1519500;Mark 01;Mark 22;VEV_6000;XIRECS;0.0;4;1
1519500;Mark 01;Mark 22;VEV_6500;XIRECS;0.0;4;1
1520400;Mark 38;Mark 14;HYDROGEL_PACK;XIRECS;10019.0;2;1
1520500;Mark 01;Mark 55;VELVETFRUIT_EXTRACT;XIRECS;5256.0;4;1
1521100;Mark 14;Mark 38;VEV_4000;XIRECS;1248.0;2;1
1521800;Mark 55;Mark 14;VELVETFRUIT_EXTRACT;XIRECS;5265.0;3;1
1523300;Mark 55;Mark 01;VELVETFRUIT_EXTRACT;XIRECS;5262.0;3;1
1524000;Mark 01;Mark 22;VEV_5400;XIRECS;17.0;4;1
1524000;Mark 14;Mark 22;VEV_5500;XIRECS;7.0;4;1
1524000;Mark 01;Mark 22;VEV_6000;XIRECS;0.0;4;1
1524000;Mark 01;Mark 22;VEV_6500;XIRECS;0.0;4;1
1524500;Mark 67;Mark 22;VELVETFRUIT_EXTRACT;XIRECS;5259.0;7;1
1525500;Mark 14;Mark 38;VEV_4000;XIRECS;1247.0;1;1
1526200;Mark 01;Mark 55;VELVETFRUIT_EXTRACT;XIRECS;5250.0;8;1
1526600;Mark 38;Mark 14;HYDROGEL_PACK;XIRECS;10021.0;4;1
1527700;Mark 38;Mark 14;HYDROGEL_PACK;XIRECS;10021.0;6;1
1527700;Mark 55;Mark 14;VELVETFRUIT_EXTRACT;XIRECS;5255.0;6;1
1528600;Mark 55;Mark 14;VELVETFRUIT_EXTRACT;XIRECS;5254.0;4;1
1529400;Mark 55;Mark 14;VELVETFRUIT_EXTRACT;XIRECS;5256.0;4;1
1530000;Mark 01;Mark 55;VELVETFRUIT_EXTRACT;XIRECS;5249.0;6;1
1530300;Mark 14;Mark 38;HYDROGEL_PACK;XIRECS;10010.0;3;1
1530600;Mark 14;Mark 38;HYDROGEL_PACK;XIRECS;10010.0;5;1
1533100;Mark 38;Mark 14;HYDROGEL_PACK;XIRECS;10029.0;2;1
1533400;Mark 38;Mark 14;HYDROGEL_PACK;XIRECS;10030.0;5;1
1534100;Mark 14;Mark 55;VELVETFRUIT_EXTRACT;XIRECS;5244.0;3;1
1534800;Mark 38;Mark 14;HYDROGEL_PACK;XIRECS;10018.0;3;1
1537500;Mark 55;Mark 01;VELVETFRUIT_EXTRACT;XIRECS;5241.0;4;1
1537500;Mark 14;Mark 38;HYDROGEL_PACK;XIRECS;10014.0;2;1
1537900;Mark 22;Mark 55;VELVETFRUIT_EXTRACT;XIRECS;5239.0;6;1
1538000;Mark 38;Mark 14;HYDROGEL_PACK;XIRECS;10024.0;2;1
1538900;Mark 38;Mark 14;HYDROGEL_PACK;XIRECS;10022.0;6;1
1540700;Mark 14;Mark 55;VELVETFRUIT_EXTRACT;XIRECS;5238.0;7;1
1542600;Mark 38;Mark 14;HYDROGEL_PACK;XIRECS;10012.0;6;1
1544300;Mark 14;Mark 55;VELVETFRUIT_EXTRACT;XIRECS;5236.0;4;1
1544400;Mark 55;Mark 01;VELVETFRUIT_EXTRACT;XIRECS;5240.0;6;1
1544500;Mark 38;Mark 14;VEV_4000;XIRECS;1246.0;2;1
1545000;Mark 14;Mark 55;VELVETFRUIT_EXTRACT;XIRECS;5235.0;4;1
1547600;Mark 01;Mark 22;VEV_6500;XIRECS;0.0;4;1
1547600;Mark 01;Mark 22;VEV_5400;XIRECS;12.0;4;1
1547600;Mark 01;Mark 22;VEV_6000;XIRECS;0.0;4;1
1547800;Mark 14;Mark 55;VELVETFRUIT_EXTRACT;XIRECS;5232.0;3;1
1548400;Mark 01;Mark 22;VEV_5400;XIRECS;12.0;5;1
1548400;Mark 01;Mark 22;VEV_6000;XIRECS;0.0;5;1
1548400;Mark 01;Mark 22;VEV_6500;XIRECS;0.0;5;1
1549800;Mark 55;Mark 01;VELVETFRUIT_EXTRACT;XIRECS;5236.0;5;1
1550300;Mark 38;Mark 14;VEV_4000;XIRECS;1242.0;1;1
1550400;Mark 14;Mark 38;HYDROGEL_PACK;XIRECS;9998.0;2;1
1550900;Mark 14;Mark 38;VEV_4000;XIRECS;1221.0;2;1
1551600;Mark 67;Mark 22;VELVETFRUIT_EXTRACT;XIRECS;5234.0;8;1
1552600;Mark 38;Mark 14;VEV_4000;XIRECS;1244.0;3;1
1553100;Mark 01;Mark 22;VEV_5300;XIRECS;39.0;4;1
1553100;Mark 01;Mark 22;VEV_5500;XIRECS;4.0;4;1
1553100;Mark 01;Mark 22;VEV_6000;XIRECS;0.0;4;1
1553100;Mark 01;Mark 22;VEV_6500;XIRECS;0.0;4;1
1553300;Mark 38;Mark 14;HYDROGEL_PACK;XIRECS;10032.0;6;1
1556400;Mark 55;Mark 01;VELVETFRUIT_EXTRACT;XIRECS;5228.0;8;1
1556900;Mark 14;Mark 38;VEV_4000;XIRECS;1219.0;3;1
1557200;Mark 14;Mark 55;VELVETFRUIT_EXTRACT;XIRECS;5225.0;4;1
1563500;Mark 01;Mark 55;VELVETFRUIT_EXTRACT;XIRECS;5226.0;8;1
1563600;Mark 14;Mark 38;HYDROGEL_PACK;XIRECS;9991.0;2;1
1564000;Mark 67;Mark 49;VELVETFRUIT_EXTRACT;XIRECS;5231.0;12;1
1564300;Mark 14;Mark 22;VEV_5200;XIRECS;84.0;2;1
1564300;Mark 01;Mark 22;VEV_5300;XIRECS;40.0;2;1
1564300;Mark 01;Mark 22;VEV_5400;XIRECS;12.0;2;1
1564300;Mark 01;Mark 22;VEV_5500;XIRECS;4.0;2;1
1564300;Mark 01;Mark 22;VEV_6000;XIRECS;0.0;2;1
1564300;Mark 01;Mark 22;VEV_6500;XIRECS;0.0;2;1
1564900;Mark 55;Mark 01;VELVETFRUIT_EXTRACT;XIRECS;5236.0;6;1
1565500;Mark 55;Mark 01;VELVETFRUIT_EXTRACT;XIRECS;5239.0;7;1
1566100;Mark 22;Mark 38;HYDROGEL_PACK;XIRECS;10011.0;4;1
1567200;Mark 01;Mark 22;VEV_6500;XIRECS;0.0;2;1
1567200;Mark 01;Mark 22;VEV_6000;XIRECS;0.0;2;1
1567200;Mark 01;Mark 22;VEV_5400;XIRECS;13.0;2;1
1567200;Mark 01;Mark 22;VEV_5500;XIRECS;5.0;2;1
1567700;Mark 38;Mark 14;VEV_4000;XIRECS;1246.0;1;1
1568200;Mark 55;Mark 14;VELVETFRUIT_EXTRACT;XIRECS;5237.0;7;1
1568700;Mark 14;Mark 38;HYDROGEL_PACK;XIRECS;10000.0;5;1
1568800;Mark 38;Mark 14;VEV_4000;XIRECS;1250.0;2;1
1568900;Mark 01;Mark 22;VEV_6500;XIRECS;0.0;4;1
1568900;Mark 01;Mark 22;VEV_5500;XIRECS;5.0;4;1
1568900;Mark 01;Mark 22;VEV_6000;XIRECS;0.0;4;1
1568900;Mark 01;Mark 22;VEV_5300;XIRECS;43.0;4;1
1568900;Mark 01;Mark 22;VEV_5400;XIRECS;13.0;4;1
1569900;Mark 14;Mark 38;VEV_4000;XIRECS;1227.0;1;1
1570200;Mark 67;Mark 22;VELVETFRUIT_EXTRACT;XIRECS;5236.0;7;1
1571600;Mark 01;Mark 55;VELVETFRUIT_EXTRACT;XIRECS;5235.0;7;1
1574000;Mark 55;Mark 01;VELVETFRUIT_EXTRACT;XIRECS;5238.0;3;1
1574800;Mark 01;Mark 22;VEV_6500;XIRECS;0.0;2;1
1574800;Mark 01;Mark 22;VEV_5400;XIRECS;12.0;2;1
1574800;Mark 01;Mark 22;VEV_5500;XIRECS;4.0;2;1
1574800;Mark 01;Mark 22;VEV_6000;XIRECS;0.0;2;1
1575800;Mark 01;Mark 22;VEV_6500;XIRECS;0.0;5;1
1575800;Mark 01;Mark 22;VEV_6000;XIRECS;0.0;5;1
1575800;Mark 67;Mark 22;VELVETFRUIT_EXTRACT;XIRECS;5235.0;8;1
1575800;Mark 01;Mark 22;VEV_5500;XIRECS;5.0;5;1
1576400;Mark 01;Mark 55;VELVETFRUIT_EXTRACT;XIRECS;5233.0;3;1
1576700;Mark 38;Mark 14;VEV_4000;XIRECS;1245.0;2;1
1578400;Mark 67;Mark 22;VELVETFRUIT_EXTRACT;XIRECS;5237.0;5;1
1578600;Mark 38;Mark 14;HYDROGEL_PACK;XIRECS;10014.0;3;1
1578800;Mark 14;Mark 38;HYDROGEL_PACK;XIRECS;9998.0;6;1
1580600;Mark 14;Mark 38;HYDROGEL_PACK;XIRECS;10001.0;4;1
1581100;Mark 55;Mark 14;VELVETFRUIT_EXTRACT;XIRECS;5240.0;7;1
1581700;Mark 55;Mark 01;VELVETFRUIT_EXTRACT;XIRECS;5237.0;3;1
1582900;Mark 49;Mark 22;VELVETFRUIT_EXTRACT;XIRECS;5236.0;9;1
1584800;Mark 14;Mark 55;VELVETFRUIT_EXTRACT;XIRECS;5234.0;7;1
1584900;Mark 01;Mark 55;VELVETFRUIT_EXTRACT;XIRECS;5234.0;7;1
1587200;Mark 01;Mark 55;VELVETFRUIT_EXTRACT;XIRECS;5242.0;3;1
1588200;Mark 01;Mark 22;VEV_5300;XIRECS;45.0;4;1
1588200;Mark 01;Mark 22;VEV_5400;XIRECS;14.0;4;1
1588200;Mark 01;Mark 22;VEV_5500;XIRECS;5.0;4;1
1588200;Mark 01;Mark 22;VEV_6000;XIRECS;0.0;4;1
1588200;Mark 01;Mark 22;VEV_6500;XIRECS;0.0;4;1
1588600;Mark 49;Mark 22;VELVETFRUIT_EXTRACT;XIRECS;5245.0;5;1
1589100;Mark 14;Mark 38;VEV_4000;XIRECS;1234.0;3;1
1590100;Mark 14;Mark 38;HYDROGEL_PACK;XIRECS;9989.0;2;1
1594900;Mark 22;Mark 55;VELVETFRUIT_EXTRACT;XIRECS;5239.0;4;1
1595300;Mark 01;Mark 55;VELVETFRUIT_EXTRACT;XIRECS;5238.0;8;1
1596300;Mark 38;Mark 14;HYDROGEL_PACK;XIRECS;10027.0;2;1
1597200;Mark 14;Mark 55;VELVETFRUIT_EXTRACT;XIRECS;5237.0;7;1
1597400;Mark 14;Mark 55;VELVETFRUIT_EXTRACT;XIRECS;5237.0;4;1
1599600;Mark 14;Mark 38;VEV_4000;XIRECS;1226.0;1;1
1600000;Mark 55;Mark 01;VELVETFRUIT_EXTRACT;XIRECS;5237.0;7;1
1600100;Mark 14;Mark 38;VEV_4000;XIRECS;1223.0;2;1
1600400;Mark 38;Mark 14;HYDROGEL_PACK;XIRECS;10035.0;4;1
1601200;Mark 14;Mark 38;VEV_4000;XIRECS;1223.0;1;1
1601700;Mark 14;Mark 38;HYDROGEL_PACK;XIRECS;10013.0;2;1
1603000;Mark 55;Mark 01;VELVETFRUIT_EXTRACT;XIRECS;5234.0;6;1
1604600;Mark 01;Mark 22;VEV_5300;XIRECS;39.0;5;1
1604600;Mark 01;Mark 22;VEV_5400;XIRECS;11.0;5;1
